3214 5072
710 380 718 401 .
804 333 849 401 40

749 433 908 446 uun—un-
962 429 966 438 '

266 559 329 622 que
345 534 491 622 religiosi
519 532 676 617 homines,
694 537 726 599 et
742 553 804 618 ego
835 528 913 599 Rex'
930 534 1128 601 Ladizlauns
1154 541 1387 606 monasterium

195 717 198 730 ,
268 645 380 715 Sancti
396 641 582 710 MARTINI
599 661 697 728 supra
706 641 849 708 Mentem
859 637 1154 728 Pannoniaejsitum
1171 654 1264 731 prout
1281 649 1385 732 Regia

270 757 319 824 uis
336 755 506 836 concessit,
522 753 631 818 multis
649 751 903 817 condonabimus
923 752 1049 836 opibus.
1068 751 1159 819 Vnde
1177 773 1254 820 vero
1270 774 1311 821 ne
1326 777 1387 842 per

271 859 458 928 uiolentiam
475 859 656 945 aliquorum
672 857 896 940 vel'lraudem,
914 875 971 924 seu
996 878 1054 942 per
1077 859 1312 944 negligentiam
1328 866 1387 933 ali-

271 967 348 1054 quid
363 965 528 1054 depereat,
545 969 693 1052 egoRex
713 963 878 1050 Ungariae
903 961 1125 1052 L(adislaus),
1152 971 1289 1036 oonsilio
1318 993 1387 1039 om-

273 1079 359 1144 nium
374 1077 478 1160 Regni
493 1077 558 1141 mei
574 1073 753 1140 Primatum
774 1074 885 1140 curavi
900 1075 1114 1159 dinumerare,
1153 1097 1194 1144 ac
1220 1098 1388 1147 commen-

275 1185 354 1254 dare
368 1184 442 1250 lruic
457 1189 569 1250 cartae
592 1183 756 1268 scriptum.
780 1183 822 1247 Et
837 1189 871 1248 ut
885 1191 1018 1268 propter
1034 1183 1261 1268 antiquitatem
1285 1190 1389 1274 negli-

276 1293 405 1378 gentiae
421 1312 485 1358 non
502 1293 642 1376 daretur,
658 1291 810 1358 iussimus
826 1297 860 1358 nt
886 1291 929 1358 ad
954 1294 1141 1360 memoriam
1165 1298 1303 1381 posteris
1330 1281 1390 1383 per

181 1483 187 1489 ,
274 1398 481 1469 succedentia
519 1406 665 1485 tempora
681 1399 918 1466 observaretur.
939 1399 1031 1478 Quae
1048 1408 1156 1468 autem
1171 1403 1291 1470 tradita
1306 1414 1391 1490 sunt,

276 1525 425 1592 quaeque
441 1507 606 1590 adquisita
637 1507 743 1574 eidem
759 1515 894 1574 sanotae
910 1509 973 1575 Dei
987 1510 1157 1577 Ecclesiae
1173 1513 1215 1576 ab
1232 1513 1282 1580 bis
1298 1532 1391 1598 prae-

172 1663 180 1686 .
278 1617 358 1684 satis
374 1615 558 1708 hominibus
575 1636 646 1682 cum
662 1616 785 1682 eunetis
801 1617 869 1684 suis
885 1613 1068 1683 redditibus
1084 1620 1117 1684 in
1133 1623 1230 1702 terra,
1245 1621 1280 1685 in
1295 1641 1393 1706 aqua,

276 1718 455 1809 intributo,
475 1733 507 1791 et
523 1707 611 1792 omni
626 1727 780 1792 videlicet
794 1727 978 1792 substantia
995 1733 1028 1791 et
1047 1727 1203 1795 facultate
1229 1731 1392 1796 continen-

255 1876 258 1882 -
274 1841 326 1900 tur
341 1833 401 1900 sub
416 1835 479 1900 hac
495 1833 722 1900 denotatione:
747 1833 842 1899 VIIII
857 1831 987 1921 (lapsae
1014 1855 1085 1900 oum
1119 1836 1289 1921 altaribus,
1314 1859 1392 1921 qna-

275 1962 344 2010 rum
370 1942 455 2010 duae
481 1963 559 2010 auro
584 1949 742 2029 paratae,
778 1943 946 2008 auehere
979 1939 1086 2029 (aere)
1118 1943 1285 2030 deaurato,
1327 1947 1394 2017 1111

155 2103 167 2121 .
278 2059 465 2136 argenteae,
483 2052 569 2118 duae
585 2071 662 2117 vero
688 2071 815 2116 osseae.
841 2051 940 2116 Xllll
965 2051 1094 2136 Oruees,
1121 2073 1256 2136 quarum
1282 2053 1395 2122 decem

279 2179 399 2227 aureae
414 2159 593 2244 lapidibus
617 2157 769 2244 pretiosis
786 2159 906 2242 optime
933 2165 1090 2243 comptae,
1115 2179 1181 2224 una
1207 2181 1248 2228 cx
1264 2161 1392 2248 integro

281 2275 450 2353 argentea,
460 2274 526 2334 tres
545 2269 666 2334 hereae
679 2267 867 2354 deauratae,
891 2267 1067 2350 exquibus
1092 2288 1169 2335 vero
1191 2268 1298 2336 adhuc
1319 2291 1395 2354 qua-

281 2377 395 2442 tuorin
417 2375 626 2460 processione
642 2374 796 2441 ferendae
813 2394 885 2440 oum
902 2375 1122 2459 deargentatis
1138 2378 1326 2445 manubriis.
1350 2378 1397 2444 VI

283 2487 407 2552 Textus
416 2483 741 2570 euangeliorum,oum
751 2483 885 2550 totidem
894 2483 1143 2568 plumatiisllna
1152 2486 1263 2552 tabula
1274 2489 1396 2554 electro

285 2600 412 2682 parata,
429 2592 462 2658 in
479 2612 544 2676 qua
560 2595 688 2678 signum
703 2593 825 2662 domini
841 2599 1012 2675 teneretur,
1040 2592 1107 2659 alia
1132 2613 1239 2660 ossea.
1264 2595 1398 2662 XXllll

286 2701 424 2783 Calices,
441 2719 576 2784 quorum
594 2702 738 2773 tredcim
769 2701 870 2792 aupei,
897 2709 963 2766 tres
993 2701 1130 2785 gemmis
1180 2704 1299 2787 parati.
1339 2702 1404 2771 lllI

285 2809 451 2892 Turibula,
482 2829 579 2876 unum
605 2829 646 2874 ex
672 2811 799 2898 integro
832 2829 974 2875 aureum.
1015 2809 1081 2874 ΙΙΠ
1108 2811 1314 2878 candelabra
1340 2831 1395 2898 pa

157 2943 160 2950 ¹
286 2919 336 2984 ria
351 2918 585 3001 deargentata:
627 2917 772 3001 exceptis
797 2918 848 2983 his
873 2937 970 2983 unum
996 2916 1228 2985 candelabrum
1251 2941 1292 2987 ex
1320 2921 1399 2986 inte·

288 3019 473 3111 grum(lgy)
482 3031 670 3109 argenteum
681 3027 805 3108 absque
816 3026 1008 3091 socioDuae
1020 3045 1130 3092 serrae
1141 3035 1318 3110 argenteae
1329 3048 1400 3094 curn

288 3133 506 3202 coclearibus:
531 3154 572 3200 ex
587 3131 638 3198 his
666 3153 796 3200 aureum
813 3153 921 3200 unrrm.
946 3135 1125 3200 Vasoulum
1154 3141 1343 3218 argenteum
1366 3137 1399 3205 in

287 3263 349 3328 quo
360 3242 483 3327 Corpus
494 3241 627 3309 Domini
637 3241 831 3308 continetur.
843 3239 916 3307 Duo
932 3242 1054 3308 urceoli
1073 3239 1229 3328 argentei,
1252 3246 1399 3310 ureerrlus

287 3356 462 3436 argenteus
478 3369 548 3436 eum
573 3351 669 3436 pelue
686 3349 730 3416 ad
759 3349 954 3416 abluendam
979 3369 1119 3416 manum.
1143 3349 1210 3416 IIII
1234 3349 1324 3420 Vasa
1350 3373 1400 3418 ar·

287 3467 408 3546 gentea
422 3459 466 3524 ad
480 3457 686 3526 benedictam
703 3479 831 3543 aquam.
856 3457 1084 3544 aspersorium
1100 3465 1290 3544 argenteum
1307 3461 1400 3530 simul

288 3563 367 3637 auro
385 3574 417 3634 et
434 3568 579 3633 cristallo
605 3575 763 3652 paratum.
788 3569 871 3634 Tres
887 3551 1046 3634 scutellae
1066 3575 1245 3653 argenteae
1262 3587 1333 3635 curn
1350 3590 1401 3635 ca-

289 3675 378 3742 thino
403 3681 569 3758 argenteo.
595 3674 628 3740 X
652 3673 755 3760 Giphi,
783 3695 918 3758 quorum
945 3694 1027 3742 unus
1041 3682 1103 3766 est
1119 3679 1240 3744 electro
1256 3683 1401 3762 paratus,

170 3853 171 3857 ,
290 3783 375 3850 alius
391 3783 528 3867 ligneus,
545 3783 700 3849 deaurato
716 3783 816 3851 haere
842 3784 1078 3870 circumtectus,
1105 3783 1226 3853 caeteri
1249 3806 1326 3854 vero
1352 3805 1400 3850 ar·

291 3888 450 3974 genteirl
466 3885 571 3958 Cornu
587 3910 628 3956 ex
653 3892 777 3975 integro
803 3899 1001 3977 argenteum,
1028 3893 1118 3961 aliud
1144 3903 1243 3960 cornu
1266 3899 1402 3981 argento

292 4002 447 4067 deaurato
463 4005 624 4084 paratum.
649 3999 727 4067 Tria
742 4001 836 4086 paria
851 4001 1008 4068 baccinia.
1033 4001 1138 4068 Pallia
1156 4021 1233 4067 uero
1251 4003 1411 4071 altarium·
1439 4057 1443 4070 .

292 4129 331 4174 ae
348 4107 491 4173 cortinae
506 4108 616 4192 palliis
632 4115 771 4192 paratae
791 4111 875 4176 Llll.
901 4111 952 4176 Ex
967 4109 1019 4178 his
1036 4111 1167 4179 cortinis
1183 4112 1267 4179 duae
1284 4109 1402 4197 margi·

290 4217 385 4284 nibus
411 4217 546 4283 obsitae.
579 4218 731 4318 Dorsalia
761 4219 866 4304 pallia
890 4241 959 4288 sex.
994 4219 1204 4308 (loopertoria
1232 4221 1319 4289 sedis
1345 4221 1402 4288 ΙΙΙ.

287 4325 360 4392 Duo
385 4326 496 4410 pallia,
523 4347 619 4394 unum
646 4325 822 4396 artificiose
839 4337 975 4414 argento
993 4336 1169 4398 consutum.
1211 4330 1403 4398 Indumenta

289 4433 494 4500 sacerdotum
509 4443 585 4502 sunt
611 4435 688 4502 XLI
716 4455 788 4502 curn
816 4435 963 4504 omnibus
992 4458 1076 4522 quae
1103 4439 1187 4506 intus
1213 4439 1403 4506 necessaria

290 4547 373 4626 sunt,
392 4563 431 4608 ex
449 4541 566 4626 quibus
584 4563 643 4610 sex
660 4549 735 4610 sunt
750 4529 902 4612 aurifriso
918 4554 1064 4632 paratae,
1081 4545 1265 4632 pontificum
1282 4567 1322 4614 ao
1348 4546 1400 4613 ab·

288 4649 399 4717 batum
416 4649 580 4718 ordinibus
594 4671 745 4736 congrua,
757 4653 842 4724 inter
857 4673 939 4737 quae
965 4655 1125 4742 oophiam,
1140 4657 1402 4746 pectoralemquo
