3214 5072
634 327 789 430 Q

155 525 230 593 dree
249 525 383 594 illustris
409 527 563 594 memorie
586 526 758 595 uetustatis
784 528 874 594 senio
901 525 1083 595 distinctum
1107 543 1265 593 renouare

154 637 344 704 curauimns.
369 637 411 702 lit
425 637 555 721 insuper
574 634 753 721 libertates,
776 636 887 702 debita
902 641 934 702 et
950 645 1104 704 consueta
1125 634 1272 726 seruicia!

153 745 324 810 etnomina
333 745 534 830 populorum,
545 744 784 830 ioubagionum,
795 742 1051 826 uduornicorum,
1067 765 1107 812 ue
1123 743 1264 811 omnium
1280 777 1283 788 ν

153 853 424 920 condicionalinm
448 851 611 918 hominum
638 853 780 920 eiusdem
805 853 993 921 monasterii
1008 873 1066 939 per
1081 852 1217 920 dilectos
1233 853 1265 915 et

152 958 263 1027 fideles
293 953 505 1045 ioulrpgioues
535 968 670 1044 nostros,
702 961 828 1028 scilicet
857 961 895 1028 Τ.
925 959 1160 1030 (lancellarium
1191 957 1265 1024 aule

151 1073 260 1134 nostre
276 1073 308 1133 et
323 1069 357 1155 P.
368 1067 558 1157 ssllltlnum
575 1067 730 1134 Comitem
755 1049 976 1154 diligenter'e't
999 1063 1125 1136 adlicite
1141 1087 1162 1134 a
1177 1065 1264 1151 capi·

151 1176 225 1260 tulo,
243 1175 503 1260 ionbagionibus,
520 1175 645 1260 uicinis,
673 1177 837 1244 nobilibus
853 1183 886 1244 et
902 1179 1011 1244 multis
1036 1177 1110 1242 aliis
1134 1171 1263 1261 populis

150 1283 285 1350 fecimus
301 1282 474 1348 ordinatim
491 1282 628 1366 exquiri,
646 1289 678 1348 et
694 1283 811 1349 endem
827 1287 992 1369 exquisita
1018 1291 1050 1351 et
1073 1303 1133 1371 per
1157 1281 1266 1350 omnia

150 1391 309 1458 ueraciter
332 1399 499 1476 comperta
524 1389 600 1455 huic
625 1397 736 1458 nostro
759 1393 932 1477 priuilegio
958 1393 1152 1460 inseruimus
1176 1398 1265 1456 aten-

150 1499 227 1583 cins,
246 1505 279 1564 et
304 1495 408 1563 eciam
433 1495 587 1580 quidquid
611 1496 655 1562 ad
670 1485 853 1566 Ecclesiam
879 1499 997 1566 Sancte
1021 1499 1125 1567 Maric
1151 1497 1264 1566 Sancti

149 1605 268 1673 Auiani
278 1603 434 1689 Episcopi
450 1611 482 1669 et
498 1603 691 1671 confessoris
701 1607 734 1672 in
748 1605 818 1673 loco
829 1608 883 1690 qui
894 1608 991 1692 uulgo
1002 1607 1117 1676 dicitur
1127 1607 1263 1694 Tychon

149 1731 246 1796 snper
262 1711 393 1776 Bolotin
408 1729 465 1794 pro
482 1729 541 1776 sua
557 1719 589 1777 et
605 1709 761 1798 coniugiis
777 1709 875 1800 (igy),
891 1712 1027 1782 filiorum
1056 1715 1262 1797 filiarumque

150 1827 181 1886 et
196 1819 338 1886 omnium
353 1823 523 1904 parentum
539 1837 676 1904 suorum,
700 1821 845 1888 uiuorum
869 1823 938 1888 siue
963 1821 1184 1890 detunctorum
1210 1841 1262 1888 aa·

150 1929 215 1994 lutc
230 1925 366 1992 tradidit
376 1927 409 1992 in
419 1926 512 1992 terris
522 1925 616 1993 cultis
627 1933 660 1992 et
670 1927 808 2010 incultis,
821 1925 978 2012 inuineia,
995 1929 1029 1995 in
1045 1929 1264 2014 agriculturis,

150 2035 181 2101 in
198 2035 314 2118 seruis,
331 2033 363 2098 in
374 2033 512 2117 ancillis,
522 2035 556 2100 in
566 2035 666 2118 equis,
683 2033 716 2100 in
733 2033 843 2112 bubns,
859 2035 893 2100 in
909 2035 1033 2120 cuibus,
1050 2036 1082 2102 in
1099 2039 1213 2123 porcis,
1230 2039 1265 2106 in

150 2145 266 2228 apibus
283 2149 316 2210 et
332 2143 477 2228 ipsarum
495 2141 692 2225 custodibus,
710 2141 743 2208 in
760 2143 957 2210 ornamentis
967 2143 1111 2211 eiusdem
1127 2145 1265 2214 ecclesie

149 2249 405 2339 pertinentibus;
425 2249 558 2336 tradidit
567 2249 652 2315 enim
662 2249 742 2316 inibi
752 2250 908 2335 gloriosus
918 2247 1063 2336 prelatus
1079 2253 1149 2319 Rex
1160 2255 1265 2319 locum

149 2361 373 2446 prescriptum,
389 2357 423 2425 in
439 2377 504 2440 qua
522 2359 635 2425 eadem
651 2358 758 2424 insula
774 2358 898 2424 scilicet
922 2359 1059 2441 lundata
1084 2367 1134 2427 est
1150 2359 1264 2430 Eccle-

150 2469 199 2536 sia
229 2487 302 2534 cnm
333 2467 400 2532 suis
434 2466 588 2550 terminis,
619 2483 755 2550 quorum
778 2467 911 2535 nomina
927 2468 975 2534 sic
991 2467 1196 2542 adnotantur.
1224 2471 1266 2538 Et

151 2580 243 2645 lacus
259 2577 293 2643 in
310 2575 454 2660 circuitu,
471 2581 503 2640 et
518 2575 639 2645 uallum
654 2577 695 2642 ab
719 2577 861 2660 antiquis
877 2576 987 2644 labore
1011 2597 1165 2644 manuum
1189 2597 1265 2662 ope·

150 2691 256 2752 ratum
272 2691 305 2750 et
320 2684 451 2767 lactum,
468 2689 501 2762 et
517 2682 672 2768 quidquid
687 2680 773 2752 infra
789 2683 850 2750 hec
880 2685 1097 2751 contineretur
1111 2684 1145 2772 in
1160 2686 1265 2772 pisca-

150 2794 300 2877 tionibus,
317 2793 350 2857 in
373 2791 583 2858 arundinibus
608 2790 654 2858 ibi
679 2793 879 2880 pertinentia
904 2799 989 2860 sunt.
1009 2793 1068 2860 Est
1091 2795 1126 2860 in
1149 2792 1265 2860 eodem

149 2905 223 2970 lacu
238 2902 340 2984 locus,
368 2901 422 2983 qui
447 2905 582 2967 uocatur
606 2900 714 2985 Petra,
741 2922 813 2968 cum
837 2903 955 2972 ceteris
980 2901 1062 2970 inibi
1087 2902 1264 2988 pertinens.

149 3011 190 3078 lli
203 3011 268 3078 hoc
284 3013 391 3076 notum
407 3011 449 3076 sit
465 3009 598 3093 cunctis,
616 3010 702 3092 quod
717 3011 835 3096 omnia,
853 3030 915 3094 que
930 3011 963 3076 in
988 3011 1048 3078 illa
1073 3011 1266 3084 clauduntur

148 3121 180 3188 in
195 3119 292 3204 silua,
308 3119 341 3185 in
356 3118 512 3202 frutectis,
528 3119 562 3184 in
579 3121 714 3205 cumulo,
731 3121 764 3184 in
777 3119 893 3188 uineis
919 3126 952 3185 et
982 3119 1016 3185 in
1040 3119 1189 3186 omnibns
1220 3117 1267 3184 ibi

149 3229 346 3321 pertinentia
361 3235 444 3294 sunt.
461 3229 559 3294 Prata
569 3233 677 3294 autem
686 3229 834 3313 Regalis,
851 3248 914 3312 que
929 3230 962 3295 in
978 3230 1086 3296 insula
1094 3229 1137 3296 ad
1150 3228 1266 3294 uillam

148 3339 297 3431 proxima
321 3337 483 3418 adiacent,
508 3339 552 3404 ad
577 3338 714 3404 eandem
746 3337 919 3404 ecclesiam
950 3341 1030 3404 sunt
1059 3334 1266 3420 pertinentia.

149 3451 207 3516 Est
225 3455 258 3514 et
273 3451 386 3532 portus
402 3463 499 3532 super
515 3447 624 3518 lacum,
648 3445 793 3511 ciusdem
810 3446 968 3511 similiter
991 3445 1167 3530 pertinens.
1192 3445 1267 3510 Pre

148 3565 239 3625 terea
255 3555 394 3622 curiales
412 3555 556 3639 comites,
574 3574 653 3639 quos
669 3554 820 3641 pretatur
837 3555 909 3620 Rex
934 3554 978 3620 ad
1002 3551 1155 3620 tuendum
1182 3552 1267 3619 salu·

148 3667 247 3732 briter
261 3665 397 3751 populos
412 3663 599 3733 monasterii
614 3664 665 3730 sui
679 3663 908 3747 constituerat,
920 3681 1145 3729 successorum
1155 3679 1267 3727 eorun-

149 3774 222 3840 dem
238 3773 378 3856 nomina,
402 3773 456 3856 qui
480 3773 514 3838 in
540 3770 655 3840 eadem
679 3773 786 3838 insula
810 3771 933 3858 degunt
957 3777 1032 3838 sunt
1055 3769 1136 3836 hec:
1160 3771 1268 3836 Pousa

149 3880 233 3948 filius
249 3877 385 3946 Zombot
400 3899 470 3944 cum
495 3879 561 3959 filio
587 3871 645 3945 suo
670 3881 775 3946 Albeo
800 3887 832 3946 et
858 3881 956 3949 Zalas
981 3878 1067 3946 lilius
1090 3877 1293 3959 Werusset,.

150 3989 265 4055 boken
281 3987 365 4054 filius
381 3985 519 4070 Zeclreu,
549 3993 582 4052 et
606 3987 752 4072 Stephon
777 3986 862 4054 filius
888 3987 1018 4054 curialis
1044 3985 1168 4052 comitis
1193 3985 1267 4052 Ale-

150 4095 276 4162 xandri.
311 4096 420 4162 Ceteri
447 4113 524 4178 uero
549 4093 761 4179 ioubagiones
791 4094 839 4178 hij
871 4103 962 4162 sunt:
987 4093 1152 4160 Mortunus
1181 4092 1267 4160 filins
1321 4135 1327 4144 -

151 4205 288 4292 Syquid
302 4195 403 4270 bilbal
419 4203 503 4270 tilius
534 4203 713 4268 sacerdotis
738 4204 837 4287 Rene,
863 4201 922 4288 filij
955 4201 1103 4288 Thadey,
1131 4199 1269 4285 Magnus

152 4313 273 4382 Salbeu
288 4319 321 4378 ct
336 4313 437 4378 frater
466 4314 535 4379 eius
559 4311 686 4378 Maleus
719 4331 791 4378 cum
827 4309 894 4378 filio
924 4331 982 4378 suo
1011 4307 1181 4376 Neuualeh
1210 4309 1268 4376 filii

150 4421 265 4503 Motus,
283 4421 390 4486 Pousa
406 4425 438 4484 et
453 4419 561 4504 Petra,
589 4418 672 4484 lilius
697 4417 879 4485 sacerdotis
900 4418 995 4486 Helie
1019 4421 1188 4504 Martinus,
1212 4416 1270 4484 lilii

155 4527 205 4614 Op
221 4526 399 4594 sacerdotis
415 4526 500 4593 Joan
515 4533 548 4592 et
569 4527 708 4611 Marcus,
736 4525 782 4614 hij
807 4533 882 4593 sunt
905 4528 1116 4614 ioubagiones
1142 4527 1269 4612 equites

152 4637 300 4760 Ecclesie
316 4635 486 4702 seruicium
501 4633 725 4736 inpendentes.
734 4633 937 4772 ww
951 4645 1042 4706 sunt:
1058 4637 1143 4706 filius
1153 4639 1270 4720 Buhtc,
