3214 5072
321 1041 424 1110 Forco
435 1089 446 1124 ,
478 1037 792 1126 Mopyororezdpben
823 1035 1012 1124 lctelepodctt
1036 1033 1250 1124 yb'ocoeoyuclc
1299 1018 1460 1124 ecquando

448 1137 451 1146 ’
787 1143 852 1211 lete.
877 1146 974 1213 1146.
1196 1155 1199 1161 '

427 1328 548 1396 Notum
564 1328 608 1396 sit
623 1325 770 1395 omnibus
786 1333 897 1392 sancte
911 1321 988 1391 fidei
998 1323 1182 1408 cultoribus,
1192 1345 1245 1394 me
1266 1322 1445 1392 Forconem

317 1438 481 1526 hospitem
495 1437 599 1524 primo
615 1436 775 1506 adventus
791 1436 855 1503 mei
882 1443 1029 1521 tempore
1059 1431 1178 1502 ALMO
1204 1433 1298 1518 Ituci,
1329 1434 1437 1502 studio

317 1546 484 1615 servitutis
499 1544 660 1612 clericalis
691 1542 869 1612 adhesisse.
900 1541 978 1610 Post
1009 1541 1080 1626 ejus
1109 1549 1219 1610 antem
1262 1541 1442 1612 discessum

188 1729 195 1744 ,
320 1651 580 1760 drohiepisoopo
597 1650 788 1737 Seraphim,
806 1650 880 1718 dein
910 1669 987 1717 vero
1021 1649 1258 1738 Vespergensis
1301 1649 1447 1718 Ecclesia

318 1760 536 1846 Pontificibus,
547 1761 679 1829 Matheo
690 1757 858 1828 scilicetet
872 1761 978 1843 Nune,
989 1761 1154 1847 Martyrio,
1171 1761 1266 1827 Petro
1281 1767 1317 1826 et
1335 1759 1439 1826 Panlo

317 1871 388 1939 Deo
410 1877 494 1938 teste
509 1889 613 1954 usqne
628 1869 670 1936 od
696 1875 860 1937 senectam
885 1869 1078 1956 memoriter,
1106 1867 1313 1955 jocundeque
1337 1867 1438 1936 serri-

315 1980 415 2048 visse.
433 1981 469 2046 ln
487 1978 551 2070 hac
564 1980 675 2064 itaque
687 1999 738 2064 ea,
749 1999 811 2063 que
822 1979 1022 2064 temporibus
1033 1977 1294 2064 supradictorum
1303 1982 1437 2062 patrum

319 2087 461 2155 hnmano
477 2085 584 2154 studio
601 2087 810 2172 congregavi,
826 2087 912 2153 viam
929 2085 1037 2152 earnis
1052 2085 1205 2153 universe
1235 2084 1446 2174 spiritualiter

318 2196 540 2278 considerans,
559 2197 608 2263 eis
624 2196 762 2263 celestia
778 2193 917 2281 adipisci
932 2195 1092 2262 testinans
1115 2195 1211 2262 salva
1234 2195 1342 2280 gratia
1380 2193 1441 2260 mi·

317 2303 589 2372 sericorditisnimi
603 2303 704 2387 Regis
721 2300 766 2390 o(
767 2303 852 2388 eise)
869 2303 1012 2369 oblatum
1023 2303 1218 2370 monasterio
1235 2302 1331 2370 Beati
1354 2301 1441 2369 blau·

317 2411 378 2478 tini
394 2407 634 2478 Pannoniensis
650 2411 760 2477 taliter
784 2409 939 2497 disposui.
964 2411 1071 2477 Primo
1095 2411 1242 2497 predium
1267 2413 1356 2495 qnod
1393 2415 1445 2476 est

315 2519 350 2586 in
365 2519 458 2603 That,
476 2517 598 2586 curiam
615 2539 685 2585 cum
711 2519 815 2586 tribus
845 2520 1029 2588 bominibus
1060 2527 1093 2586 et
1124 2521 1211 2588 omni
1242 2519 1440 2607 supellectili

316 2629 443 2712 domus,
459 2633 492 2693 et
507 2647 570 2693 uno
595 2627 710 2712 libero,
741 2629 785 2695 Vl
815 2647 991 2713 pensarum
1023 2629 1180 2713 debitore,
1212 2635 1279 2696 tres
1314 2628 1440 2713 vinens,

315 2741 443 2821 pratum
460 2741 628 2802 onrnterra
638 2735 756 2801 arabili
768 2735 983 2802 Panoniensis
995 2737 1142 2804 Ecclesia
1152 2737 1256 2803 Beato
1267 2731 1437 2823 ll(artino)

318 2842 552 2909 commendavi.
588 2841 788 2908 llonasterio
813 2863 892 2910 vero
918 2841 1034 2928 Ugrini
1060 2843 1205 2928 Comitis,
1231 2842 1315 2925 quod
1339 2836 1440 2908 monti

315 2950 450 3018 Wirtbis
473 2950 616 3036 adjacet,
646 2957 776 3036 ‘pratum
808 2957 841 3016 et
871 2959 990 3018 terram
1021 2951 1180 3018 arabilem
1211 2951 1276 3018 llll
1320 2949 1441 3016 mareis

320 3065 461 3146 emptam
494 3057 647 3126 constitui
677 3063 836 3144 perpetuo
865 3059 1108 3144 possidendam.
1141 3059 1291 3126 Predium
1326 3065 1438 3126 autern

316 3165 404 3250 quod
419 3172 469 3233 est
485 3165 519 3232 in
549 3165 701 3232 Wanrma
726 3167 845 3250 partim
870 3174 1021 3255 emptum,
1052 3169 1173 3254 partim
1204 3187 1281 3234 vero
1312 3169 1438 3252 Regum

316 3273 434 3360 gratie,
466 3271 626 3358 Stephani
657 3274 784 3342 scilicet
809 3282 842 3342 et
866 3274 975 3363 B(ele)
1000 3277 1080 3342 mihi
1105 3279 1305 3360 concessum,
1332 3273 1437 3344 Unice

315 3382 381 3449 lilie
397 3401 468 3449 mee
484 3381 547 3450 boc
563 3383 750 3452 conditione
766 3387 918 3470 concedo,
945 3389 979 3450 ut
1003 3387 1032 3452 si
1057 3405 1099 3450 ex
1125 3385 1351 3453 misericordia
1374 3384 1439 3452 Dei

314 3489 416 3557 tilium
431 3487 591 3577 habuerit,
607 3485 805 3560 hereditario
817 3493 893 3576 jure
913 3493 1102 3580 possideat,
1127 3495 1214 3580 quod
1234 3494 1262 3560 si
1287 3494 1441 3568 heredem¹

315 3619 380 3664 non
395 3597 555 3682 habuerit,
584 3599 730 3684 predicte
755 3601 903 3668 Ecclesie
934 3602 1029 3669 Beati
1058 3598 1220 3688 bl(artini)
1249 3600 1439 3688 subjaceat,

314 3704 474 3772 lrnctnnm
488 3725 565 3774 vero
581 3709 732 3778 arborum
759 3709 910 3777 Ecclesia
925 3709 1020 3777 Beati
1049 3707 1211 3797 ll(artini)
1227 3708 1352 3778 babeat
1376 3725 1441 3776 me·

315 3811 481 3892 dietatem,
497 3813 564 3884 lilia
580 3821 689 3882 antem
704 3836 779 3885 mea
803 3819 879 3884 dum
895 3816 1032 3904 vixerit,
1049 3819 1183 3886 alterins
1198 3818 1303 3904 partis
1317 3817 1441 3886 habeat

315 3927 521 4011 potestatem.
536 3922 654 3990 Actum
671 3929 722 3991 est
736 3925 798 3992 hoc
814 3926 847 3991 in
862 3923 953 3993 ouria
977 3926 1160 4015 episcopali
1176 3927 1291 3994 Sancti
1307 3924 1438 3994 Andree

316 4047 412 4098 secus
420 4029 604 4101 Danubium
615 4033 898 4102 annoDominicae
909 4031 1439 4120 IncemaoionisldOXLVI.,anno

314 4157 393 4206 vero
408 4140 508 4226 Regis
523 4139 623 4210 Geine
638 4141 704 4227 VI,
721 4143 906 4228 presidente
922 4145 1043 4212 Sancte
1058 4141 1277 4230 strigoniensi
1291 4141 1439 4210 Ecclesie

315 4247 482 4316 Machario
509 4247 783 4339 Archiepiscopo,
817 4254 976 4322 existente
1000 4251 1098 4320 Bolos
1125 4251 1252 4319 Gemite
1276 4248 1440 4335 Palatino,

316 4350 438 4423 Geniali
453 4356 578 4427 Gemite
594 4344 744 4429 Oadario.
772 4361 813 4429 ut
838 4369 871 4430 ut
886 4360 1007 4430 firmius
1022 4363 1201 4448 roboretur,
1226 4361 1364 4448 Regium
1392 4358 1439 4426 si-

313 4463 427 4548 gillum
451 4465 623 4538 adhibetur
646 4471 705 4539 sub
730 4472 912 4540 testimonio
938 4474 1124 4560 Procerum,
1140 4494 1275 4561 quornm
1291 4470 1438 4540 nomina·

312 4571 366 4639 hic
381 4582 550 4644 notantur:
566 4579 681 4648 Petrus
696 4581 822 4667 Comes,
840 4582 995 4668 magister
1011 4583 1159 4653 Ladislai
1173 4585 1292 4670 Ducis;
1308 4581 1429 4652 Paulus

316 4684 691 4777 concertationi,
716 4690 813 4762 dwra
830 4691 956 4778 (tomes,
981 4693 1093 4762 Bactra
1108 4695 1236 4764 blastus
1254 4696 1364 4783 Regis,
1380 4713 1434 4762 ca·
