3214 5066
711 309 776 378 203

185 511 283 580 certis
299 505 543 596 exceptionibus
558 513 680 576 certum
698 507 868 618 terminum
892 507 1159 599 peremptorium,
1184 510 1295 582 uideli-

185 629 237 728 cet
252 622 369 688 testum
384 617 504 687 Sancto
518 615 719 686 Pudentisne
733 617 880 704 proxime
894 617 1080 704 preteritum
1091 619 1236 705 partibus
1246 641 1297 690 as·

185 731 374 817 signarunt,
399 745 462 812 quo
486 745 557 796 cum
585 727 732 795 omnibus
748 726 968 796 instrumentis
984 733 1017 794 et
1031 725 1212 798 rationibus
1228 729 1297 798 suis

184 858 243 926 per
257 856 304 924 se,
320 836 373 906 uel
386 855 445 922 per
459 842 686 922 procuratores
701 835 836 904 idoneos
851 841 961 902 nostro
977 853 1013 902 se
1029 838 1214 922 conspectui
1225 856 1298 924 pre·

184 949 361 1014 seutareut
379 943 593 1028 comparente
607 942 706 1030 igitur
720 952 815 1032 parte
830 943 1019 1030 Monasterij
1045 951 1078 1012 et
1103 943 1223 1014 diutius
1239 965 1297 1014 ex-

186 1059 348 1142 pectante,
364 1049 495 1118 tandem
511 1070 618 1124 coram
636 1049 816 1119 venerabili
832 1049 932 1118 fratre
953 1055 1088 1119 nostro.
1106 1103 1113 1118 .
1131 1099 1164 1118 ..
1197 1053 1297 1146 diba-
1394 1117 1397 1128 ,

186 1162 279 1230 neusi
294 1159 468 1245 Episcopo,
484 1177 578 1242 quem
595 1157 786 1226 dederamus
802 1159 887 1244 parti
902 1159 1091 1227 Monasterii
1107 1157 1295 1246 auditorem,

188 1269 320 1354 quidam
336 1285 394 1350 pro
409 1266 640 1350 vesprimiensi
656 1265 814 1334 duntaxat
829 1267 979 1352 capitulo
993 1270 1172 1354 comparuit
1185 1287 1297 1354 procu·
1326 1327 1328 1334 .

185 1383 294 1457 rator,
320 1373 375 1457 qui
399 1373 474 1439 licet
498 1393 607 1440 coram
633 1372 746 1442 eodem
771 1375 918 1442 auditore
933 1376 1120 1444 mandatnm
1136 1377 1299 1446 sufficiens

186 1481 398 1566 ostendisset,
425 1485 457 1546 et
481 1480 627 1548 libellum
642 1501 739 1565 snper
754 1484 906 1568 predictis
923 1491 956 1550 et
970 1485 1045 1551 aliis
1063 1487 1106 1552 ab
1122 1487 1189 1554 alia
1204 1492 1297 1571 parte

186 1590 347 1678 recipiens
362 1587 583 1655 contendisset
598 1591 832 1672 aliquantulum
848 1611 919 1659 cum
936 1593 1068 1678 eodem;
1094 1593 1138 1660 ad
1150 1593 1298 1661 'ultimum

185 1707 294 1768 tamen
311 1699 422 1766 dicens
431 1749 441 1784 ,
464 1716 500 1764 se
516 1699 602 1765 nolle
618 1698 793 1770 defendere
810 1701 993 1788 Capitulum
1010 1703 1229 1786 supradictum
1246 1722 1297 1768 co-

185 1829 255 1876 ram
271 1810 390 1878 dilecto
406 1805 471 1872 filio
488 1807 642 1890 Magistro
659 1806 696 1874 0.
715 1809 923 1876 Subdiaoouo
941 1815 972 1877 et
985 1811 1160 1896 Capeliano
1177 1815 1297 1895 nostro,

186 1935 281 2001 quern
297 1911 666 1998 eidem'subrogauimus
679 1917 881 2001 Albaneusi,
908 1917 1065 2000 quasdam
1090 1919 1215 1986 litteras
1239 1937 1297 2004 pro

186 2029 280 2112 parte
296 2021 440 2106 Capituli
456 2025 677 2090 reuucatorias
692 2042 749 2090 sne
765 2023 999 2109 procurationis
1016 2024 1166 2110 ostendit,
1183 2025 1298 2108 quibus

185 2151 257 2199 cum
272 2129 494 2198 iudicarentur
510 2148 583 2196 osse
599 2136 750 2214 suspecte
759 2181 769 2216 ,
794 2131 899 2198 dictus
919 2137 1107 2217 procurator
1121 2129 1298 2200 iuramento

186 2233 322 2326 prestito
336 2237 432 2305 fidem
451 2237 529 2306 iecit
552 2238 687 2325 litteris,
713 2245 746 2306 et
771 2239 959 2306 Mouasterii
983 2259 1060 2324 pars
1085 2238 1241 2326 instaret,
1259 2249 1300 2308 ut

186 2367 257 2415 cum
272 2365 350 2432 pars
366 2345 471 2413 altera
487 2351 658 2412 contumax
675 2347 839 2432 existeret,
863 2346 971 2430 quoad
985 2347 1061 2414 illas
1076 2345 1230 2430 decimas,
1246 2367 1297 2414 su·

185 2473 242 2543 per
258 2455 375 2539 quibus
390 2451 431 2520 lis
447 2451 550 2520 extitit
566 2459 757 2540 contestata,
768 2453 903 2522 deberet
913 2454 1126 2546 adoniculum
1137 2457 1297 2523 sententie

185 2561 329 2644 definiri,
354 2568 388 2628 et
410 2565 508 2646 super
532 2559 658 2628 eisdem
675 2567 707 2626 et
722 2562 927 2648 superabis,
953 2563 1007 2628 uei
1030 2559 1210 2629 adiudicari
1234 2563 1298 2630 sibi

186 2672 372 2760 possessio,
388 2671 442 2738 nal
457 2669 574 2737 saltem
590 2677 797 2739 contumaces
814 2691 854 2739 ex
869 2679 962 2756 parte
978 2673 1082 2741 altera
1096 2674 1131 2738 in'
1146 2673 1298 2759 expensis

187 2781 336 2870 prefatos
351 2779 516 2865 Rectores,
533 2779 720 2846 sacerdotes
737 2785 770 2844 et
785 2778 878 2866 alios,
893 2800 952 2865 pro
968 2781 1083 2864 quibus
1093 2801 1156 2848 non
1166 2801 1298 2868 respou-
1347 2835 1350 2842 .

187 2890 234 2956 dit
258 2888 364 2955 dictus
387 2893 585 2972 procurator,
611 2886 800 2955 absentibus
818 2888 1016 2957 incurrendis
1034 2888 1227 2976 aggrsuari,
1252 2890 1299 2957 ia·

188 2997 311 3065 cientes
329 2995 362 3060 in
377 2993 569 3079 iudicando,
595 2993 682 3077 qnod
708 2996 786 3064 iuris
807 3001 839 3062 et
854 2993 976 3062 iustitie
991 2995 1131 3064 dictaret
1146 2997 1223 3065 ordo
1240 2998 1299 3064 ob·

189 3105 323 3173 seruari
339 3103 455 3188 Itaque
471 3100 656 3169 discretioni
670 3111 776 3170 uestre
791 3123 853 3188 per
868 3101 1057 3188 Apostolica
1072 3104 1194 3189 scripta
1209 3122 1298 3174 mau-

187 3213 302 3280 damus
311 3263 322 3298 ,
338 3212 490 3296 quatinus
508 3227 641 3278 oausam
656 3230 754 3297 snper
768 3213 924 3297 predictis
940 3209 1088 3280 omnibus
1104 3212 1300 3284 sufficienter

186 3341 245 3408 per
260 3327 373 3407 partes
389 3321 542 3403 siue=per
568 3337 678 3385 earum
694 3327 920 3404 procuratores
935 3323 1034 3387 etiam
1050 3319 1158 3404 quoad
1172 3321 1300 3408 reliqua

188 3433 376 3498 instructam
392 3427 619 3512 inspicientes,
635 3427 749 3512 ipsam,
766 3428 795 3496 si
810 3431 922 3512 partes
938 3427 1158 3495 consenserint
1167 3476 1177 3512 ,
1201 3428 1299 3498 ctiam

188 3536 296 3622 quoad
311 3535 518 3621 exceptiones
543 3533 607 3602 fine
633 3534 741 3603 debito
757 3535 947 3604 terminetis.
981 3535 1132 3620 Alioquin
1157 3555 1231 3604 eam
1255 3535 1299 3606 ad

187 3635 248 3715 uos
267 3644 464 3713 sufficienter
486 3643 677 3712 instructam
690 3643 735 3710 ad
749 3643 894 3730 proxime
917 3651 1083 3712 uenturum
1099 3642 1215 3711 festum
1231 3643 1299 3710 Na·

186 3749 326 3824 tiuitatis
341 3753 508 3822 Dominice
533 3753 725 3838 remittatis,
749 3753 937 3839 prefigendo
961 3752 1107 3840 partibus
1131 3755 1298 3833 terminum

188 3869 441 3952 competentem,
458 3881 519 3948 quo
535 3868 645 3931 nostro
660 3881 698 3929 se
714 3861 901 3948 conspectui
915 3847 1138 3948 representeut
1147 3910 1156 3946 ,
1178 3861 1298 3931 iustam

188 3997 209 4044 a
233 3972 328 4042 nobis
352 3972 386 4038 in
410 3971 549 4038 Domino
574 3967 765 4038 sententiam
781 3975 960 4056 receptura.
986 3969 1110 4050 Quodsi
1125 3969 1208 4038 forte
1223 3989 1299 4055 quc·

188 4101 313 4167 cunque
328 4080 423 4147 modo
448 4077 637 4166 contigerit,
663 4085 699 4146 ut
725 4097 833 4147 coram
857 4081 951 4150 robis
974 4079 1088 4148 instrui
1113 4097 1211 4148 causa
1235 4097 1298 4146 uon

187 4189 304 4277 possit,
320 4208 382 4257 vos
397 4193 551 4273 quantum
566 4185 608 4253 de
624 4188 692 4254 iure
707 4189 855 4274 poteritis
869 4187 1096 4277 procedentes,
1122 4187 1241 4273 partes
1252 4189 1298 4256 ni·

188 4299 381 4368 ebilomiuus
407 4297 451 4364 ad
477 4295 613 4364 eundem
637 4297 807 4364 terminum
822 4295 1022 4385 adnostram
1048 4295 1152 4362 citetis
1168 4313 1299 4382 presen-
1412 4351 1421 4366 .

187 4407 274 4492 tiam,
290 4425 354 4491 quo
369 4423 441 4474 cnm
456 4403 604 4472 omnibus
619 4406 841 4506 instrumentis
856 4411 888 4474 et
898 4405 1077 4494 rationibus
1088 4406 1155 4473 suis
1165 4405 1298 4474 uenbnt

189 4521 376 4604 receptura,
394 4514 482 4602 quod
496 4513 614 4583 iustum
629 4513 743 4602 fuerit,
768 4523 800 4584 et
814 4511 938 4582 facture
948 4565 957 4601 ,
982 4511 1080 4581 nullis
1103 4512 1219 4582 litteris
1232 4509 1299 4599 iob·

189 4624 369 4710 nauibus,
392 4623 422 4692 si
445 4643 508 4709 que
531 4623 740 4712 appamsriut
763 4645 785 4694 a
810 4621 895 4694 Sede
909 4623 1096 4711 Apostoliet
1116 4621 1295 4708 impetrate.
