3234 5072
783 379 945 480 „¹3-

307 580 458 670 persequi
468 575 693 661 Christianum,
703 578 736 640 et
744 555 1062 640 hubereinamieitia
1071 573 1224 659 populum
1234 575 1440 660 paganumi'

272 667 277 684 '
308 689 378 769 Qne
395 685 562 756 eontentio
579 681 789 751 christiam
814 677 930 763 Belial,
960 699 1024 763 que
1052 681 1253 767 comparatio
1285 681 1352 749 luei
1381 683 1425 750 ad

308 795 487 864 tenebras?
502 789 672 872 Quomodo
688 787 883 858 conveniunt
897 787 1034 855 Zuarasi
1049 789 1103 856 vel
1119 788 1269 860 diabolus
1290 797 1328 859 et
1357 789 1424 857 dux

308 907 495 974 sanatorum
518 905 626 968 vester
651 903 685 966 et
706 901 815 964 noster
840 891 1040 962 Mauritius?
1067 894 1151 974 Qua·
1168 895 1274 963 fronte
1305 903 1425 966 eoeunt

308 1031 404 1082 saera
419 1013 545 1093 lanoea,
562 1014 595 1074 et
610 1024 672 1090 quo
686 999 863 1092 pa'sountur
885 1000 1025 1070 humano
1055 1004 1233 1089 sanguine,
1257 1004 1423 1072 diabolica

305 1116 452 1192 senilia?
466 1115 539 1184 Non
556 1112 663 1182 eredis
693 1117 877 1198 peecatum,
896 1111 1013 1196 oRex,
1043 1109 1173 1194 qnando
1204 1109 1422 1182 Christianum

308 1233 416 1316 eaput,
434 1224 521 1310 qnod
537 1223 631 1292 nefas
648 1228 697 1290 est
713 1221 810 1302 dioto,
826 1220 1010 1286 immolatur
1020 1220 1080 1287 sub
1091 1217 1261 1288 demonum
1276 1219 1426 1318 vexillo?

306 1331 424 1406 Nonne
448 1333 565 1401 melius
590 1338 678 1398 esset
703 1329 803 1398 talem
827 1327 988 1394 hominem
1013 1327 1135 1397 habere
1160 1327 1307 1410 fidelem,
1332 1330 1423 1396 ouius

307 1442 431 1518 auxilio
447 1447 480 1508 et
499 1437 634 1508 oonsilio
658 1437 813 1504 tributum
838 1435 989 1521 aooipere
1012 1441 1046 1502 et
1071 1455 1198 1504 ssorum
1215 1434 1422 1503 christianis·
1464 1515 1471 1525 Ι

308 1569 394 1620 mum
409 1549 519 1618 facem
534 1545 576 1615 de
592 1543 711 1633 oppido
727 1563 858 1631 pagano
875 1541 1016 1630 posses?
1040 1541 1068 1610 0
1094 1563 1190 1628 quam
1217 1545 1334 1612 vellem
1355 1563 1420 1610 non

258 1739 264 1752 Ι
309 1659 443 1743 hostem,
453 1658 513 1725 sed
521 1654 641 1722 habere
651 1651 790 1737 fidelem,
800 1649 841 1717 de
854 1671 916 1736 qno
926 1651 1010 1737 dieo,
1022 1651 1183 1718 seniorem
1199 1649 1424 1720 Bolesniaumt

308 1763 533 1850 Respondebis
552 1761 708 1830 forsitan:
736 1758 819 1825 Volo.

396 1875 500 1958 'Ergo
518 1869 571 1938 tae
588 1868 853 1952 misericordium,
870 1873 1029 1953 postpone
1053 1863 1287 1935 erudelitatem.
1313 1867 1349 1936 Si
1373 1867 1424 1934 vis

308 1979 433 2050 habere
448 1979 587 2060 fidelem,
603 1977 716 2046 desine
740 1975 912 2063 persequi3
929 1976 1023 2042 aivis
1047 1974 1168 2042 habere
1193 1977 1345 2061 militem,
1371 1975 1424 2042 iao

308 2105 380 2156 uum
394 2089 490 2173 bono,
506 2094 542 2154 ut
556 2085 705 2152 delesset.
723 2083 821 2169 Cave,
838 2105 857 2151 o
872 2084 953 2168 Rex,
964 2083 998 2158 si
1012 2083 1064 2150 vis
1082 2083 1191 2150 omnia
1217 2083 1324 2151 faeere
1351 2103 1422 2151 oum

309 2201 482 2281 potestate,
497 2212 673 2276 numquam
689 2213 761 2260 enm
772 2189 1001 2277 misericordia,
1014 2212 1111 2276 qnam
1128 2199 1215 2261 amat
1230 2193 1300 2279 ipse
1310 2194 1422 2278 tonus,

309 2323 350 2370 ne
364 2301 502 2370 forsitan
517 2301 668 2386 irritetur,
686 2301 741 2385 qui
756 2307 789 2367 te
804 2319 888 2366 nuno
902 2299 1036 2368 adiuvat
1051 2301 1072 2367 J
1074 2319 1157 2368 esus.
1173 2304 1247 2368 Non
1264 2303 1426 2369 contradi-

310 2431 382 2480 oam
390 2411 491 2495 Regi5
507 2407 564 2475 fiat
582 2410 666 2476 siout
685 2411 775 2477 Deus
790 2409 860 2477 vult
874 2415 907 2474 et
921 2414 956 2475 tu
971 2411 1031 2476 vis.
1047 2410 1162 2502 Nonne
1172 2409 1289 2480 meiius
1298 2429 1424 2495 pugna·

308 2539 346 2587 re
369 2537 441 2586 oum
466 2517 606 2605 paganis
632 2523 762 2603 propter
787 2516 1076 2604 Christianitotem,
1105 2537 1202 2602 qnam
1225 2516 1423 2586 Christianis

310 2627 375 2696 uim
391 2625 509 2694 interro
524 2631 656 2711 propter
672 2627 852 2693 secularem
869 2623 1054 2692 honorem?
1069 2613 1165 2692 Certo
1180 2624 1276 2692 homo
1294 2627 1423 2712 eogitat,

309 2733 400 2802 Deus
414 2733 551 2802 ordinat.
568 2734 688 2800 Nonne
705 2752 775 2799 oum
789 2733 928 2819 paganis
945 2740 978 2800 et
995 2733 1188 2800 Christianis
1204 2732 1288 2800 hano
1304 2739 1425 2800 terram

311 2842 347 2910 in
362 2839 487 2910 viribus
503 2843 606 2926 Regni
620 2843 692 2908 Rex
707 2824 988 2920 intraviti'tiuam
1003 2846 1113 2906 tamen
1138 2841 1276 2910 Sanetus
1301 2843 1426 2928 Petrus,

211 2935 218 2946 '
312 2951 402 3018 euius
417 2946 619 3017 tributarium
635 2969 672 3016 se
687 2949 820 3033 asserit,
853 2956 885 3015 et
916 2955 1047 3016 sanetus
1076 2955 1200 3036 martyr
1228 2947 1427 3017 Adalbertns

313 3075 419 3124 nonne
443 3056 675 3142 protexerunt?
703 3056 739 3122 Si
764 3057 920 3123 adiuvare
946 3057 1078 3141 nollent,
1105 3073 1278 3142 numquam
1302 3057 1425 3141 Sancti,

311 3163 367 3248 qui
381 3163 570 3250 sanguinem
586 3164 739 3232 fuderunt
755 3169 788 3230 et
803 3162 863 3229 sub
880 3163 988 3231 divino
1003 3172 1127 3231 terrore
1148 3163 1249 3231 multa
1264 3162 1422 3232 miracula

310 3271 442 3356 iaciunt,
458 3272 599 3358 quinque
616 3273 777 3359 Martyres
791 3271 892 3339 oooisi
916 3269 950 3338 in
973 3279 1061 3338 terra
1085 3289 1145 3339 suu
1167 3271 1418 3354 requiescerent.

309 3377 355 3446 ut
369 3378 457 3462 here,
472 3399 535 3446 non
552 3397 588 3446 es
604 3379 676 3446 Rex
690 3378 806 3463 mollis,
832 3379 918 3462 quod
933 3385 1037 3463 nocet,
1054 3381 1113 3447 sed
1128 3381 1233 3447 iustus
1248 3387 1282 3446 et
1297 3378 1423 3447 distrio-

309 3493 362 3556 tus
377 3493 493 3571 nostor,
509 3487 596 3572 qnod
611 3489 730 3572 planet.
747 3487 811 3555 Sed
827 3493 954 3556 tantum
970 3486 1031 3554 hoo
1047 3471 1195 3573 addatur,
1212 3495 1249 3556 ut
1264 3489 1310 3556 sis
1326 3487 1422 3555 mise·

281 3593 431 3678 .risors,
456 3601 489 3661 ot
511 3615 578 3663 non
602 3615 729 3683 sempor
762 3615 831 3662 eum
859 3603 1038 3682 potestate,
1065 3597 1246 3664 sedetiam
1271 3617 1345 3664 unm
1365 3597 1422 3664 nii-

309 3701 489 3768 seridordia
503 3704 654 3788 populum
668 3703 728 3770 tibi
744 3704 922 3788 anquirere,
939 3709 971 3770 et
987 3703 1074 3786 quod
1084 3723 1167 3772 nuno
1182 3705 1216 3770 in
1232 3705 1335 3772 tribus
1350 3723 1426 3792 pur·

310 3807 407 3894 tibus,
424 3814 501 3874 tuno
517 3797 578 3877 nee
592 3809 626 3874 in
642 3829 708 3876 una
722 3817 819 3895 parte
833 3809 955 3881 bellum
970 3810 1117 3880 habebis.

418 3913 485 3982 Sed
499 3914 561 3984 hoo
576 3915 654 4000 qnid
669 3917 712 3983 ad
727 3917 813 3986 nos?
832 3917 952 3986 Videat
966 3919 999 3984 in
1011 3930 1075 3987 ‘sua
1099 3920 1263 4006 sapientia
1287 3920 1363 3987 iusti
1391 3927 1425 3990 et

310 4021 388 4090 boni
402 4029 502 4093 tenax
517 4024 599 4110 Rex,
614 4025 748 4093 videant
763 4034 795 4093 et
811 4025 844 4094 in
859 4028 968 4096 dando
983 4029 1119 4096 oonsilio
1135 4031 1275 4116 optimus
1286 4030 1426 4116 quisque

314 4127 506 4224 Episoopu's,
523 4133 640 4200 Comes
656 4139 688 4200 et
702 4133 786 4201 Dux.
802 4135 895 4215 Quod
909 4135 953 4203 ud
967 4157 1092 4224 meam,
1116 4139 1182 4206 imo
1206 4136 1270 4206 Dei
1294 4157 1427 4204 oausam

311 4239 461 4325 pertinet,
476 4259 574 4310 unum
589 4241 697 4342 diuam
714 4249 748 4308 et
762 4245 912 4330 alterum,
939 4246 1056 4328 quibus
1086 4245 1172 4314 ultra
1198 4265 1262 4314 uon
1293 4246 1425 4314 addam.

314 4343 387 4412 Duo
402 4365 522 4432 magna
537 4350 636 4435 mala,
654 4369 717 4434 qne
732 4349 822 4418 Deus
839 4357 873 4422 et
887 4372 1038 4439 pugnans
1057 4356 1172 4423 Petrus
1188 4355 1221 4421 in
1237 4353 1309 4422 rudi
1323 4371 1426 4440 paga·

311 4453 415 4522 numo
431 4473 555 4542 eepere,
571 4477 656 4526 nova
680 4460 830 4528 Eoolesia
859 4480 961 4548 prope
990 4463 1111 4530 sentire
1135 4463 1240 4532 debet
1273 4464 1426 4545 Primum,

311 4561 419 4628 senior
434 4561 637 4651 Bolealavus,
654 4567 709 4652 qui
724 4568 848 4636 viribus
864 4569 964 4636 animi
980 4573 1013 4638 et
1027 4571 1171 4660 eorporis
1196 4569 1360 4642 oonsolari
1373 4589 1426 4640 me

314 4667 358 4737 ad
372 4671 605 4742 convertendos
619 4675 739 4744 Pruaos
754 4676 966 4748 libentissime
981 4679 1094 4765 voluit,
1121 4685 1154 4750 et
1179 4679 1260 4750 nulli
1286 4679 1426 4768 poounio
