3214 5066
798 249 1097 408 Α..

214 527 221 542 ·
323 487 526 578 pertinentiis
543 487 628 572 suis,
653 483 777 555 scilicet
802 483 889 568 quod
909 485 1008 573 vrrlgo
1024 484 1141 554 dicitur
1156 485 1292 572 Eurem,
1318 495 1351 555 et
1374 486 1436 556 'I'o

323 616 400 684 nya,
416 602 449 660 et
464 591 541 661 titis
557 592 793 680 piscationibus
809 590 878 658 suis
895 597 928 658 et
942 593 1067 676 insulis,
1084 601 1117 661 et
1126 593 1213 678 quod
1223 593 1339 662 eedem
1348 616 1437 664 man·

322 703 433 771 siones
455 701 499 770 ad
523 700 724 789 piscationes
747 706 934 768 tenerentur
956 700 1129 793 'iaciendas
1144 710 1177 770 ct
1193 695 1436 772 custodiendas.

323 812 463 893 Quorum
479 812 690 900 petitionibus
707 817 740 880 et
755 807 926 880 desideriis
938 817 1106 898 gratanter
1117 797 1306 897 annuentes,
1317 811 1437 882 dictam

322 927 441 990 terram
457 926 613 1008 perpetuo
629 919 766 1006 pacifice
785 919 1016 1006 possidendam
1036 922 1261 1008 prenominato
1276 929 1438 990 monaste·

273 1101 275 1106 ,
321 1031 369 1098 rio
385 1037 496 1098 nostro
513 1047 584 1104 eum
601 1029 670 1094 suis
685 1027 898 1116 pertinentiis,
913 1039 946 1099 st
954 1031 1049 1100 dictis
1065 1031 1247 1118 quindecim
1262 1033 1436 1102 mansioni-

321 1141 384 1207 bus
398 1137 643 1206 uduornicorum
658 1135 859 1206 donammus.
877 1139 1047 1225 Ceterum,
1064 1161 1136 1209 oum
1151 1161 1211 1208 nos
1226 1141 1372 1225 reliquos
1381 1139 1438 1208 ud-

321 1248 490 1331 uornicos,
515 1264 681 1312 numerum
704 1245 886 1342 quindecim
911 1249 1116 1315 mansionum
1139 1267 1222 1331 quas
1247 1267 1326 1336 sepa
1351 1248 1437 1316 dicto

321 1355 518 1422 monasterio
535 1353 739 1440 contulimus,
758 1358 953 1426 excedentes
968 1357 1057 1426 fideli
1073 1365 1184 1426 nostro
1200 1357 1355 1426 llicbaeli
1370 1358 1437 1424 bla-

321 1466 424 1552 gistro
439 1464 627 1549 Agasonum
642 1469 824 1530 nostrornm
841 1464 1108 1552 contulissemus,
1136 1466 1241 1532 dictus
1264 1463 1379 1532 Abbas
1405 1470 1437 1532 et

321 1571 508 1644 Conventus
523 1569 637 1638 Sancti
651 1571 783 1638 Martini
799 1574 915 1664 timens
943 1575 1006 1641 sibi
1032 1593 1128 1660 super
1151 1575 1272 1642 hocin
1296 1573 1436 1640 futurum

319 1680 534 1768 prejudicium
559 1680 728 1766 generori3
755 1700 796 1748 no
821 1679 990 1750 udrornici
1013 1681 1072 1748 sub
1097 1681 1240 1750 dominio
1265 1681 1436 1749 Michaelis

320 1787 472 1873 Magistri
496 1788 531 1854 in
555 1787 670 1856 eadem
694 1787 774 1856 villa
800 1795 1035 1858 commorantes
1051 1808 1204 1874 processu
1220 1789 1375 1876 temporis
1391 1795 1436 1853 te-

177 1883 195 1944 ss
319 1917 408 1965 mere
430 1903 544 1963 contra
558 1895 696 1982 Regiam
716 1895 931 1964 donacionem
954 1897 1123 1965 venientes
1137 1905 1257 1964 terram
1272 1915 1366 1963 suam
1380 1895 1436 1963 do·

320 2011 431 2073 natam
446 2005 643 2070 monasterio
660 2009 853 2090 attemptent
868 2004 931 2072 sibi
946 2003 1131 2086 vendicare,
1148 2012 1258 2072 nostro
1275 2021 1435 2072 consensu

320 2111 476 2198 requisito
502 2118 535 2177 et
558 2111 690 2194 habito,
714 2113 825 2180 taliter
843 2130 916 2179 cum
931 2112 1092 2180 Michaele
1107 2113 1262 2196 magistro
1279 2131 1436 2179 convene·

319 2227 412 2303 runt,
435 2224 471 2286 ut
494 2237 606 2285 omnes
621 2218 825 2287 udwornioos
848 2219 1034 2305 supradicte
1050 2217 1137 2304 ville,
1157 2239 1291 2304 quorum
1306 2219 1436 2286 nomina

321 2334 397 2398 sunt
410 2324 491 2393 bec:
519 2327 635 2414 Kynos
652 2345 725 2393 oum
740 2325 816 2392 liliis
832 2327 918 2411 suis,
945 2327 1073 2395 Bixoud
1089 2347 1159 2393 oum
1175 2327 1262 2414 lilio,
1289 2321 1435 2394 Banalch

320 2455 392 2502 cum
408 2433 481 2518 lilio,
499 2434 602 2501 Korra
618 2453 690 2502 curn
706 2432 791 2519 tiliis,
809 2435 929 2502 Micula
946 2423 1021 2502 curn=
1033 2433 1108 2521 lilio,
1125 2435 1280 2504 Salomon
1295 2453 1368 2501 cum
1384 2453 1435 2500 ne·

323 2551 411 2630 pote,
421 2542 544 2610 blatbci
560 2562 630 2630 cum
647 2541 747 2610 fratrc
762 2562 821 2609 suo
831 2542 964 2624 Forcas,
981 2542 1156 2610 Karacban
1173 2563 1245 2610 cum
1260 2544 1362 2610 tratre
1377 2561 1434 2609 sno

199 2649 203 2656 ’
326 2653 467 2738 Symone
476 2697 486 2735 ,
505 2651 610 2718 Dema
625 2669 697 2716 cum
712 2649 814 2718 fratre
830 2671 908 2735 suo,
934 2651 1066 2737 Bodov,
1094 2650 1205 2718 Aruud
1220 2671 1292 2719 cum
1307 2658 1434 2738 nepote,

326 2762 435 2829 Endre
451 2780 523 2840 curn
538 2759 639 2846 tratre
655 2779 713 2826 suo
729 2761 860 2828 Andrea
869 2814 879 2848 ,
905 2761 1048 2828 Thomas
1070 2781 1142 2827 cum
1155 2761 1231 2827 liliis
1246 2761 1334 2845 suis,
1360 2761 1435 2826 Wa-

325 2889 384 2937 rov
399 2889 470 2936 oum
485 2867 587 2935 fratre
597 2887 664 2952 suo,
675 2863 768 2962 Fiod,
779 2868 866 2934 Paob
882 2889 954 2935 curn
970 2869 1139 2936 iratresuo
1150 2867 1285 2951 blatbiu,
1297 2867 1436 2964 Chomsc

326 2997 397 3046 cnm
412 2977 487 3055 filio,
504 2978 638 3054 Paulus,
653 2975 813 3061 Hercbco,
830 2975 925 3064 Wyd,
942 2999 1015 3046 cum
1030 2977 1206 3046 medietate
1222 2984 1309 3046 terre
1326 2984 1359 3042 et
1372 2977 1435 3042 Da·

326 3087 418 3154 nubii
433 3092 465 3154 et
480 3084 863 3170 insularum„secundum
878 3087 1174 3168 qnodconcludunt
1189 3094 1275 3154 mete
1292 3105 1334 3154 ex
1349 3091 1435 3151 ubo·

329 3215 390 3284 que
405 3203 500 3283 parte
515 3195 602 3278 ville,
618 3177 849 3262 monasterium
865 3194 979 3262 Sancti
997 3197 1130 3264 blartiui
1145 3195 1347 3282 possideret,
1372 3211 1434 3260 rue

327 3305 434 3374 dietus
448 3311 556 3372 autem
571 3321 642 3369 cum
657 3309 781 3388 septem
796 3302 1018 3372 mansionibus
1043 3303 1258 3371 castrensium
1273 3302 1306 3368 in
1323 3300 1435 3369 eadem

327 3415 407 3484 villa
421 3413 657 3500 exsistentium,
668 3431 749 3497 quas
764 3412 852 3480 idem
867 3413 1097 3481 monasterium
1112 3435 1134 3481 a
1150 3412 1246 3480 nobis
1261 3411 1294 3478 in
1309 3427 1435 3495 permu-

327 3524 483 3594 tationem
496 3529 679 3609 receperat,
695 3523 782 3592 dicto
797 3521 951 3589 bliobaeli
965 3523 1189 3609 magistropro
1199 3517 1435 3607 permutatione

328 3631 584 3703 uduornicorum
599 3651 621 3698 a
635 3631 731 3700 nobis
746 3630 809 3698 sibi
825 3631 1016 3725 collatorum
1031 3635 1230 3714 remaneret;
1262 3647 1303 3694 ea
1319 3631 1435 3724 auum,

328 3761 392 3828 que
408 3745 502 3808 extra
516 3745 636 3808 metum
651 3743 736 3822 suut,
753 3739 904 3806 videlicet
919 3738 1006 3822 quod
1020 3739 1118 3824 uulgo
1134 3737 1250 3804 dicitur
1260 3735 1389 3815 nmen,
1404 3737 1438 3798 et

328 3849 444 3938 'lonya
460 3867 532 3916 cum
548 3846 695 3916 omnibus
709 3846 912 3932 pertinentiis
927 3847 1014 3932 suis,
1038 3846 1267 3915 monasterium
1292 3839 1438 3930 supradi·

328 3965 414 4028 ctum
427 3957 630 4043 integraliter
643 3955 838 4041 possideret.
859 3955 1022 4022 Abbatcm
1051 3959 1161 4021 autem
1190 3951 1338 4038 ejusdem
1367 3969 1434 4018 mo·

328 4067 465 4136 moterii
506 4067 540 4134 in
579 4065 797 4152 supradictum
841 4063 1083 4149 possessionem
1127 4081 1186 4148 per
1222 4059 1353 4128 fidelem
1380 4079 1438 4127 no

329 4185 431 4244 strum
454 4175 583 4246 nomine
606 4169 716 4240 Detba
739 4169 840 4238 tilium
856 4169 1001 4239 Cornelii
1015 4169 1150 4241 comitis
1166 4167 1361 4238 auctoritate
1375 4166 1438 4232 Ro·

329 4287 386 4371 gia
401 4284 534 4352 fecimus
549 4280 720 4350 introduci.
744 4279 788 4348 Ut
802 4277 900 4366 igitur
915 4277 975 4345 bec
990 4283 1103 4347 nostra
1118 4277 1276 4362 donacio,
1300 4275 1438 4362 pariter-

330 4413 395 4480 que
408 4393 573 4475 utriusque
587 4391 690 4476 partis
711 4387 887 4458 convencio
903 4386 992 4457 taeta
1006 4391 1163 4474 perpetue
1178 4385 1371 4454 stabilitatis
1386 4403 1438 4450 ro·

330 4501 390 4566 bur
406 4500 567 4582 obtineat,
583 4505 765 4584 presentem
779 4495 933 4583 paginam
948 4494 1046 4581 hujus
1061 4495 1108 4563 rei
1122 4493 1342 4567 testimonium
1356 4489 1437 4559 fids·

301 4657 306 4664 .
330 4605 406 4674 liter
430 4607 644 4676 continentem
667 4605 767 4693 sigilli
791 4605 895 4676 nostri
916 4602 1090 4674 mummius
1120 4602 1254 4674 lecimus
1278 4599 1434 4672 roborari·
