3222 5054
847 763 926 830 184.

318 961 364 1028 II.
391 963 498 1029 &edre
513 962 620 1051 lcirdly
635 985 673 1027 aa
688 963 843 1028 aaszmias'
857 964 1088 1028 azone-terenti
1101 953 1302 1050 apdtsriyuak
1318 962 1452 1050 soprom'

615 1069 830 1157 sojdoedalme't
847 1072 1031 1158 moperdetti.
1050 1073 1148 1136 1233.

424 1250 461 1316 In
477 1249 608 1315 nomine
624 1250 744 1318 Sancte
760 1247 932 1316 Trinitatis
958 1255 991 1316 et
1015 1247 1188 1317 Indiuidue
1206 1248 1357 1316 Unitatis.
1377 1249 1447 1315 An·

318 1357 416 1425 dreas
436 1357 500 1424 Dei
512 1358 621 1442 gratia
644 1355 830 1442 Hnngarie‚
856 1355 1043 1441 Dalmatie,
1060 1357 1209 1440 Oroatis,
1230 1357 1351 1439 Rama,
1370 1355 1447 1422 Ser-

317 1467 380 1550 uis,
393 1466 535 1548 Gallitie,
552 1465 808 1548 Lodomerieque
823 1463 893 1530 Rex
909 1463 989 1532 uiris
1004 1463 1170 1548 religiosis
1180 1465 1303 1532 Abbati
1319 1471 1351 1528 et
1362 1463 1447 1530 Gon-

317 1561 429 1640 uentui
448 1571 568 1638 Sancte
584 1571 697 1639 Crucis
714 1571 756 1638 dc
773 1571 906 1638 Austria
922 1571 1152 1639 Cisterciensis
1170 1571 1302 1640 Ordinis
1318 1589 1447 1638 eorum·

317 1701 379 1764 qne
394 1679 636 1748 successoribus
655 1681 688 1746 in
708 1687 909 1766 perpetuum.
934 1681 998 1746 Per
1014 1699 1152 1764 presens
1167 1681 1325 1765 scriptum
1342 1679 1444 1745 omni-

317 1791 378 1856 bus
394 1807 478 1858 nunc
489 1789 562 1856 etin
573 1795 741 1874 posterum
759 1786 895 1854 iacimus
907 1788 1126 1874 manifestum,
1138 1787 1309 1872 quodolim
1322 1785 1447 1853 affectu

317 1897 539 1968 misericordie
555 1898 724 1984 prouocati
743 1899 806 1964 tria
823 1897 927 1964 millia
943 1917 1127 1964 nwanorum
1144 1897 1185 1966 de
1201 1897 1347 1976 salibus,
1362 1914 1446 1980 quos

316 2006 428 2074 inclite
444 2004 680 2073 recordationis
700 2011 794 2090 pater
809 2025 850 2070 ac
865 2003 968 2072 irater
983 2011 1094 2072 noster
1116 2003 1317 2072 monasterio
1333 2011 1446 2072 uestro

318 2112 350 2178 in
367 2113 518 2202 Supprun
533 2115 738 2182 contulerant
756 2110 873 2180 intuitu
888 2113 1041 2200 pietatis,
1061 2133 1120 2180 nos
1137 2133 1196 2199 pro
1212 2111 1356 2180 remedio
1371 2113 1445 2180 ani·

316 2239 370 2287 me
385 2227 505 2305 nostre,
527 2241 817 2305 successorumque
834 2227 1015 2289 nostrorum
1040 2240 1079 2288 ac
1095 2223 1202 2308 Regni
1217 2221 1320 2287 nostri
1335 2221 1444 2286 salute

316 2329 421 2398 uobis¹
434 2349 473 2394 ac
491 2329 689 2396 monasterio
704 2337 814 2396 uestro
830 2329 862 2394 in
880 2329 993 2396 eodem
1013 2328 1165 2422 Supprun
1181 2327 1444 2395 confirmanimus

316 2437 349 2501 in
374 2443 566 2522 perpetuum
590 2439 777 2522 annuatim,
801 2436 849 2502 ita
871 2435 1046 2522 uidelicet,
1070 2443 1106 2504 ut
1121 2457 1165 2503 ex
1179 2437 1307 2502 ratione
1322 2441 1356 2500 et
1370 2434 1444 2502 fisci

317 2544 419 2610 nostri
440 2545 679 2631 computatione
698 2564 719 2609 a
735 2545 902 2612 salinariis
925 2553 1035 2630 preter
1058 2543 1276 2629 quommlibct
1299 2543 1443 2610 exactio-

319 2667 393 2716 nem
417 2651 608 2718 tributornm
632 2651 1033 2738 auxilioSuppruuicnsis
1051 2652 1187 2720 Comitis
1214 2653 1381 2717 annuatim
1408 2650 1444 2714 in

316 2757 465 2844 Supprun
488 2759 533 2826 ad
555 2759 672 2828 festum
696 2760 807 2826 Sancti
822 2761 921 2842 Regis
938 2761 1008 2826 iure
1024 2765 1184 2847 perpetuo
1200 2761 1302 2826 libere
1318 2760 1443 2845 persol-

316 2873 452 2954 uantur,
473 2867 558 2934 siout
573 2865 605 2934 in
622 2865 795 2954 priuilegio
811 2875 922 2934 nostro
938 2867 1032 2935 uobis
1049 2887 1207 2936 concesso
1222 2868 1352 2954 plenius
1368 2885 1442 2950 per-

315 2976 482 3060 speximus
506 2974 672 3042 contineri.
697 2975 803 3054 Quam
827 2975 916 3060 piam
939 2975 1149 3043 collationem
1173 2981 1208 3041 ct
1227 2973 1443 3042 confirmatio-

315 3101 391 3148 nem
414 3101 499 3148 nnuo
517 3089 550 3149 et
573 3083 607 3149 in
630 3081 772 3148 futurum
794 3088 901 3150 ratam
924 3081 1103 3168 habemus,
1120 3091 1153 3150 et
1168 3083 1285 3170 Regali
1301 3083 1444 3149 auctori·

315 3195 384 3256 tate
400 3209 443 3258 ex
458 3197 548 3256 certa
563 3189 702 3260 scientia
718 3187 967 3276 confirmamus,
994 3191 1220 3276 promittentes
1235 3209 1294 3276 per
1308 3208 1369 3256 nos
1387 3208 1443 3255 no-

316 3297 725 3382 strosquesuccessoresob
737 3315 869 3364 seruare
882 3304 914 3363 et
930 3298 1038 3365 facere
1049 3297 1229 3384 obseruari,
1242 3296 1329 3382 quod
1346 3315 1444 3382 supe·

315 3402 382 3469 rins
399 3411 450 3472 est
465 3423 657 3490 expressum
673 3403 754 3471 etin
769 3403 953 3489 priuilegiis
968 3407 1087 3473 uestris
1103 3405 1234 3493 plenius
1250 3406 1444 3472 continetur.

315 3511 357 3576 ut
372 3511 463 3578 iuxta
480 3512 767 3600 compositionem,
783 3529 846 3594 que
861 3511 945 3577 inter
960 3513 1181 3580 venerabilem
1196 3519 1324 3599 patrem
1341 3507 1446 3578 domi-

314 3639 389 3685 num
412 3619 572 3687 Jacobum
595 3617 822 3688 Ptenestinum
847 3619 997 3686 Electum
1012 3619 1201 3706 Apostolice
1218 3617 1313 3688 Sedis
1337 3619 1444 3703 Lega-

313 3731 383 3794 tum
406 3745 448 3793 ex
470 3747 538 3795 una
559 3733 654 3812 parte
670 3732 703 3794 et
720 3747 781 3794 nos
799 3746 841 3793 ex
861 3727 969 3796 ultera
993 3727 1200 3813 intercessit,
1222 3726 1309 3794 hanc
1323 3725 1443 3794 damus

314 3833 408 3902 nobis
423 3839 457 3900 ct
471 3835 590 3902 uestris
605 3833 848 3902 successoribus
864 3835 1070 3922 libertatem,
1087 3841 1124 3901 ut
1138 3833 1179 3922 dc
1194 3833 1350 3920 predictis
1365 3833 1443 3900 sali·

315 3941 376 4011 bus
393 3939 436 4008 ad
451 3961 529 4010 usus
544 3949 671 4010 uestros
686 3947 812 4010 tentum
830 3943 1010 4030 retineatis,
1036 3947 1194 4026 qnantum
1217 3943 1369 4012 Prolatus
1384 3961 1441 4009 uc·

315 4057 386 4120 ster
408 4051 442 4117 in
464 4049 576 4119 anima
590 4069 651 4119 sua
665 4049 783 4117 dixerit
806 4051 973 4118 salinariis
997 4051 1137 4138 nostris,
1161 4051 1261 4138 ceteri
1283 4069 1362 4118 nero
1385 4053 1443 4119 nel

315 4176 393 4244 pars
411 4157 575 4243 ipsorum,
592 4175 665 4224 cum
682 4157 777 4226 nobis
793 4157 913 4228 fuerint
935 4159 1117 4246 persoluti,
1142 4158 1247 4230 libere
1264 4165 1298 4226 et
1313 4161 1443 4244 ubsque

314 4267 385 4334 ulla
407 4264 665 4334 contradictione
690 4263 721 4330 in
745 4264 840 4333 domo
863 4273 976 4335 uestra
997 4267 1058 4334 sub
1076 4265 1185 4352 sigillo
1210 4266 1443 4335 salinariorum

313 4381 497 4442 nostrorum
513 4381 547 4440 et
561 4371 686 4440 Prolati
699 4373 821 4460 uestri,
838 4375 895 4459 qni
909 4396 970 4462 pro
985 4381 1135 4461 ternpore
1151 4372 1258 4459 luerit,
1273 4375 1444 4462 deponan-

311 4489 383 4566 tur,
399 4479 605 4567 depositique
623 4486 793 4550 seruentur
816 4501 918 4568 usque
934 4483 980 4550 ad
995 4494 1132 4552 octauss
1151 4483 1265 4550 Sancti
1279 4481 1444 4570 Stephani

314 4587 424 4674 Regis.
448 4589 491 4654 nt
510 4595 586 4658 tunc
601 4589 645 4656 ab
660 4589 718 4668 illo
734 4587 787 4657 die
802 4609 907 4676 usque
923 4589 966 4660 ad
981 4591 1202 4662 Natiuitatem
1217 4593 1320 4662 Beate
1335 4591 1444 4664 Maria
