3214 5072
797 379 820 386 r
849 289 931 384 il„

305 479 415 548 liatur.
442 482 484 546 Et
509 478 670 564 quidquid
695 477 725 544 ei
750 481 869 564 reliqui
896 500 937 548 ex
968 500 1042 548 mea
1072 482 1268 566 substantia,
1298 479 1434 554 labente

306 591 404 674 longo
422 597 568 679 tempore
586 589 668 655 forte
685 589 895 676 expendetur,
928 609 970 656 ex
995 608 1036 656 ea
1062 589 1184 675 deerit,
1209 590 1252 658 ab
1278 589 1333 656 illo
1360 590 1434 656 loeo

308 703 340 762 et
355 695 483 762 domino
500 697 638 778 Abbate,
655 714 711 778 qur
728 693 824 763 luerit
838 704 986 782 rogatus,
1019 717 1130 780 quero,
1163 704 1198 764 ut
1228 717 1286 782 pro
1317 717 1429 766 amore

307 803 427 871 Ohrlsti
438 823 462 901 ‚³
480 824 553 870 mea
568 803 647 870 data
662 805 842 871 elemosina
857 806 967 872 uisitet
992 825 1073 872 eam.
1099 806 1140 872 Et
1164 806 1190 870 si
1217 807 1292 892 ipsa
1317 805 1428 886 omnia

308 915 435 996 integra
451 910 610 994 habuerit,
631 911 683 976 uel
699 911 878 997 addiderit;
903 909 1052 980 similiter
1074 913 1259 1000 supradicte
1277 914 1430 1000 ldoolesie

310 1021 474 1104 relinquat
491 1025 564 1104 post
579 1037 672 1084 suam
692 1027 837 1086 mortem.
862 1021 933 1086 Heo
958 1027 1066 1088 autem
1091 1021 1282 1088 recurunt
1306 1023 1340 1088 in
1364 1040 1436 1106 pre

287 1129 424 1214 ¹senoiu
441 1129 597 1194 nobilium
622 1127 752 1193 illorum
778 1129 915 1194 uirorum
940 1127 1069 1196 Nicolai
1095 1128 1340 1214 strigoniensis,
1366 1128 1435 1196 Ma-

314 1236 416 1305 oharii
427 1233 577 1318 Quinque
589 1235 806 1313 eoelesiensis‚
818 1239 978 1305 lobannis
988 1237 1239 1324 vesprimiensis
1255 1236 1437 1324 Episcopo·

312 1367 402 1430 rum;
427 1346 505 1411 item
520 1345 669 1434 Faroasii
687 1345 839 1430 Palatini,
856 1347 944 1413 ,Petri
961 1345 1109 1430 Curialis,
1125 1346 1266 1413 Diouisii
1283 1345 1434 1420 Barsien-

315 1455 361 1523 sis
379 1451 548 1518 Comitum.
572 1450 642 1529 Que
665 1451 799 1536 pietatis
826 1472 925 1536 opera
942 1475 983 1519 ne
1008 1455 1187 1536 aliquorum
1214 1452 1432 1538 negligencia,

315 1572 372 1632 out
387 1561 554 1644 longorum
570 1565 751 1643 temporum
767 1579 924 1628 successu
940 1562 1143 1646 quandoque,
1161 1561 1248 1644 quod
1264 1562 1361 1644 absit,
1387 1580 1438 1626 se·
1513 1635 1515 1646 Ι

318 1667 492 1760 pellantur,
509 1667 643 1752 litterali
660 1669 887 1737 commendata
917 1677 993 1737 sunt
1016 1669 1180 1754 memorie,
1196 1677 1229 1736 et
1245 1668 1440 1736 auctoritate

317 1780 418 1866 Regis
434 1777 534 1864 sigilli
551 1776 751 1862 confirmata,
769 1777 932 1849 ethorum
952 1779 1215 1865 supradictorum
1239 1777 1440 1845 testimonio·

317 1908 386 1955 rum
403 1888 612 1954 corroborata
627 1887 776 1952 ueritate.
801 1889 971 1972 Regnante
988 1889 1052 1956 Dei
1066 1891 1179 1972 gracia
1203 1885 1440 1972 gloriosissimo

300 1998 407 2082 ,Rege
424 1993 538 2062 eodem
554 1993 642 2060 laeta
659 2003 710 2061 est
725 1995 895 2078 inquisioio
922 1997 960 2061 de
985 2004 1073 2062 terra
1098 1997 1211 2064 Sarroti
1234 1995 1384 2062 Maurioii
1407 1996 1441 2060 in

315 2103 428 2192 predio
446 2101 556 2187 Quian,
573 2122 669 2185 quam
686 2105 889 2170 Soisoienses
905 2103 1059 2172 dicebant
1074 2126 1169 2174 suam
1193 2123 1279 2190 esse,
1299 2103 1359 2170 sed
1382 2103 1441 2168 fal-

242 2253 245 2262 ·
318 2189 408 2280 sitas
417 2229 546 2294 semper
562 2207 721 2276 subicitur
747 2213 887 2276 ueritati.
912 2211 1018 2291 Quam
1044 2213 1212 2300 predictus
1237 2214 1308 2280 Rex
1333 2211 1442 2298 piissi-

319 2339 390 2386 mus
410 2319 493 2384 iusto
510 2317 631 2384 iudioio
647 2317 839 2384 iustifioauit
864 2321 1022 2406 Euolesie,
1049 2323 1083 2386 in
1105 2321 1281 2408 presencia
1304 2321 1440 2408 Episco-

320 2447 433 2512 porum
449 2433 481 2492 et
498 2427 668 2494 Comitum.
694 2425 773 2493 (lum
791 2435 899 2494 autem
924 2431 1047 2496 nullum
1076 2431 1235 2498 iudicium
1267 2431 1337 2498 sine
1367 2449 1441 2514 pre-

246 2565 299 2585 m
320 2535 428 2601 staldo
446 2533 636 2617 effioeretur,
653 2535 808 2600 Albensis
824 2537 1000 2604 'canonieus
1025 2540 1153 2604 nomine
1180 2539 1232 2604 (til
1258 2539 1443 2624 prestaldus

321 2643 419 2708 datus
440 2648 501 2707 est.
527 2642 649 2709 Eodem
677 2649 822 2729 tempore
849 2646 1036 2728 prestaldus
1061 2635 1206 2731 ueniens,
1232 2647 1323 2730 iussu
1346 2647 1446 2730 Regis

189 2739 195 2755 ⁵
322 2757 442 2816 terram
458 2755 492 2814 et
507 2757 613 2816 metas
630 2769 701 2816 eum
727 2752 902 2836 priuilegio
928 2753 1094 2838 cirouiuit5
1118 2756 1337 2821 molendinum
1362 2755 1446 2821 llar-

322 2859 382 2924 tini
398 2857 585 2942 combussit,
607 2859 693 2924 ostia
710 2859 824 2924 domus
849 2861 939 2926 Petri
963 2855 1153 2946 perforatim
1177 2864 1346 2930 securibus
1370 2882 1443 2930 oon·

321 2965 429 3050 fregit,
461 2971 561 3047 atque
598 2965 792 3033 Soisoiensis
818 2966 992 3036 desnuotis
1017 2969 1174 3055 domibus,
1197 2971 1438 3055 constantisque

322 3071 440 3140 hostiis
457 3072 499 3138 do
525 3079 614 3138 terra
639 3073 747 3139 eiecit.
768 3073 858 3140 Tune
884 3095 995 3144 omnes
1023 3078 1085 3144 uiri
1102 3078 1301 3146 Soisoienses
1317 3081 1441 3146 noessi·

323 3189 390 3248 tate
407 3181 512 3247 eoeoti
529 3179 696 3246 dixerunt:
713 3183 788 3248 Non
806 3183 961 3250 eioiamur
977 3187 1017 3251 de
1032 3190 1128 3270 terra,
1145 3186 1205 3252 sed
1221 3205 1310 3254 moro
1333 3207 1445 3272 preeu-

213 3299 217 3306 '
324 3289 473 3358 denoium
483 3287 684 3356 obtineamus
695 3289 1080 3388 illQQafflssibsslo·
1092 3291 1319 3362 Conuenoione
1334 3285 1446 3366 autem

324 3401 414 3467 faeta
430 3418 540 3466 eoram
556 3399 671 3466 eodem
687 3401 786 3486 Rege,
813 3409 848 3466 ιιι
875 3383 1042 3470 annuerim
1064 3403 1192 3470 tributa
1214 3407 1445 3491 persoluerent.

212 3597 215 3604 Ι
325 3509 396 3575 Hoo
426 3513 477 3576 est
507 3515 616 3574 autem
647 3509 810 3594 tributum,
836 3510 922 3592 quod
946 3512 1133 3597 persoluere
1148 3515 1240 3600 panti
1260 3522 1353 3600 sunt;
1380 3535 1448 3583 una

326 3633 453 3700 queque
479 3615 594 3682 domus
625 3617 755 3702 ydriam
784 3620 913 3701 mellis,
936 3628 967 3686 et
998 3620 1026 3686 V
1058 3621 1192 3688 cubulos
1233 3619 1341 3707 tritioi,
1372 3641 1446 3692 oum

326 3741 445 3807 magno
461 3722 587 3807 eubulo,
603 3743 700 3806 quam
716 3725 788 3810 ipse
803 3729 873 3792 Rex
890 3746 962 3792 oum
979 3747 1037 3795 suo
1054 3729 1184 3814 proprio
1210 3730 1334 3815 pugillo
1359 3752 1447 3801 men·

327 3831 468 3914 sonarit,
493 3831 647 3914 illamque
663 3852 848 3902 mensuram
867 3834 909 3900 ab
924 3835 1055 3903 homine
1071 3835 1256 3906 Laurenoio
1271 3837 1400 3906 nomine
1415 3839 1449 3906 in

329 3935 462 4006 domum·
474 3937 588 4005 Sancti
605 3939 735 4007 Martini
751 3960 945 4010 conseruare
970 3943 1067 4010 misit.
1094 3945 1272 4012 Prouidens
1297 3965 1375 4032 ergo
1400 3947 1450 4016 lu-

328 4059 410 4136 tura,
426 4069 467 4116 na
483 4047 658 4130 aliquando
669 4047 762 4120 falsa
786 4049 872 4118 ueris
903 4050 1085 4134 miscerent,
1115 4072 1157 4120 ne
1187 4053 1317 4138 quando
1348 4057 1451 4124 eoiam

329 4157 522 4244 iurgiorum
539 4157 658 4241 populo
687 4157 834 4224 Eoolesie
866 4159 949 4226 iuter
979 4180 1014 4226 se
1045 4159 1220 4248 traherent,
1251 4167 1371 4232 terram
1403 4165 1451 4242 eis

331 4263 569 4350 assignauimus
585 4261 792 4350 segregatim,
808 4265 968 4351 insipiens
988 4286 1010 4332 a
1032 4267 1102 4354 piro
1130 4268 1285 4358 Thalene,
1314 4291 1376 4358 que
1401 4282 1452 4340 est

330 4375 423 4440 iuxta
446 4373 533 4441 uiam
561 4391 663 4456 usque
680 4373 724 4442 ad
740 4373 842 4442 aliam
857 4377 973 4462 pirum,
991 4373 1111 4444 deinde
1126 4379 1171 4446 ad
1186 4387 1331 4448 ueterem
1346 4381 1449 4468 uiam;

333 4488 366 4547 et
381 4481 500 4547 exinde
516 4477 662 4549 adulam
677 4482 862 4568 publicam
887 4483 929 4547 de
946 4501 1012 4566 qua
1027 4487 1177 4554 aseendit
1197 4487 1242 4555 ad
1258 4498 1394 4568 montes,
1419 4495 1453 4555 et

333 4587 450 4655 exinde
464 4589 644 4672 protelatur
660 4591 704 4660 ad
719 4598 874 4674 montem,
901 4591 959 4674 qui
991 4599 1123 4664 uoeutnr
1153 4597 1291 4667 Soelrea
1320 4617 1451 4683 mog0s3
