3222 5054
695 303 847 413 „ffl-

203 504 271 571 ullu
287 501 384 570 medo
400 500 615 587 compelletur
628 499 677 566 ire
686 547 696 581 ,
713 518 773 564 nee
789 500 889 566 etism
905 497 1058 568 denarios
1067 547 1077 583 ‚
1103 500 1159 584 qui
1173 505 1331 568 uocantur

202 613 323 699 mplius
341 608 442 677 elicui
456 609 656 695 persoluent.
682 607 938 696 Pronuncientes
960 627 1089 691 quoquc
1106 627 1178 675 cum
1194 607 1331 675 auctori·

203 725 272 788 tute
287 719 391 804 Regin
407 717 557 785 omnibns
573 717 607 782 in
622 717 735 800 Regno
750 722 861 783 nostro
877 717 1061 784 constitutis
1078 722 1176 800 utque
1191 713 1327 782 tirmiter

203 827 433 913 precipientes,
448 833 485 892 nt
500 825 609 892 nullus
624 823 740 907 iudex,
757 843 818 890 nec
834 823 1021 908 Palatinus,
1046 843 1109 890 nee
1124 821 1243 892 Comes
1258 824 1325 890 llu-

203 937 378 1019 suniensis,
393 935 448 1002 uel
464 933 598 1000 curialis
614 949 733 1016 comes,
748 931 880 1000 eosdem
896 931 1016 999 trenes
1031 934 1083 999 uel
1098 930 1327 1018 populumium

205 1043 290 1110 dicte
301 1041 450 1108 Ecclesie
461 1060 519 1126 pro
535 1037 692 1126 predictis
708 1039 804 1106 terris
820 1045 919 1122 etque
936 1039 1145 1108 libertatibus
1156 1059 1213 1108 eos
1223 1041 1329 1107 deter-

206 1150 342 1233 minare,
359 1149 413 1214 uel
428 1154 538 1232 preter
554 1167 613 1213 nos
630 1146 775 1214 indicere
792 1144 921 1212 sudent.
952 1146 1110 1214 Volumus
1126 1167 1254 1232 quoquc
1271 1165 1328 1214 uos

206 1255 326 1323 liberos
342 1255 375 1320 in
390 1254 546 1340 portibus,
564 1256 597 1320 in
612 1253 776 1340 pontibus,
795 1259 827 1318 et
842 1254 875 1319 in
890 1252 1039 1320 omnibus
1056 1253 1137 1322 loeis
1152 1255 1258 1341 Regni
1274 1273 1329 1320 no·

204 1365 264 1432 stri
278 1365 349 1431 siue
364 1362 568 1448 importando
584 1381 655 1445 sue,
675 1363 746 1429 siue
763 1362 966 1447 exportando
978 1369 1094 1430 nostre
1111 1361 1268 1447 donaria,
1283 1359 1330 1428 ui-

204 1471 325 1538 delicet
340 1473 439 1555 ssles,
456 1472 574 1554 pisces,
591 1469 760 1553 frumenta,
776 1470 898 1553 uinum,
917 1489 1046 1554 caseos,
1062 1468 1329 1554 lanum,pennus,

204 1599 318 1668 agnos,
335 1579 501 1661 animulis,
517 1597 576 1644 seu
592 1577 736 1660 quelibet
750 1577 819 1644 aliu
835 1576 877 1641 sb
906 1577 1054 1644 omnibus
1068 1576 1332 1656 tributariismo-

203 1687 364 1768 neturiis,
380 1685 627 1770 tricesimariis,
646 1685 831 1768 salinariis,
850 1691 883 1750 et
899 1686 942 1751 ub
958 1684 1107 1753 omnibus
1123 1685 1330 1752 exactoribus

204 1799 316 1864 illesos
333 1814 533 1882 permanere.
564 1795 682 1861 Notum
700 1794 744 1862 sit
759 1794 857 1876 igitur
873 1793 1022 1860 omnibus
1037 1802 1106 1860 tum
1122 1792 1331 1879 presentibus

205 1925 302 1990 quum
318 1903 454 1988 suturis,
479 1901 566 1988 quod
591 1909 624 1968 et
648 1920 708 1968 nos
734 1899 898 1986 scientes,
926 1921 990 1968 non
1006 1921 1105 1986 posse
1119 1901 1270 1969 sufficere
1286 1904 1331 1970 ed

204 2012 405 2097 querendum
419 2031 531 2078 uerum
547 2008 659 2094 uitem,
675 2011 801 2077 auxilie
817 2009 1047 2095 religiosorum
1064 2009 1195 2077 fratrum
1211 2010 1330 2079 uideli-

205 2127 257 2188 cet
271 2120 411 2205 predicti
426 2119 615 2187 monssterii
631 2137 766 2203 querere
783 2117 1006 2201 decreuimus,
1034 2117 1148 2202 eisque
1172 2119 1259 2186 bonu
1274 2137 1329 2185 no·

204 2235 274 2296 stru
288 2225 490 2312 tradidimus,
502 2235 663 2309 quatenus
681 2245 791 2292 corum
806 2225 959 2312 precibus
976 2233 1157 2294 eternorum
1173 2229 1331 2295 bonorum

204 2337 381 2423 participes
391 2356 466 2403 esse
477 2355 669 2402 meresmnr.
687 2333 846 2400 Dedimus
863 2353 941 2420 ergo
958 2333 1113 2402 iratribus
1128 2337 1331 2426 nostrisium

205 2446 395 2513 memoretis
411 2445 570 2512 ducentos
586 2444 750 2526 husones,
778 2443 834 2526 qui
850 2449 1010 2510 uocantur
1025 2441 1180 2526 meabat,
1194 2441 1333 2528 singulis

206 2555 302 2622 annis
318 2554 358 2623 dc
375 2573 506 2620 camera
523 2560 636 2620 nostra
659 2549 907 2638 persoluendos.
938 2553 980 2617 Et
1004 2558 1040 2617 ut
1064 2551 1161 2620 buius
1185 2553 1238 2618 rei¹
1257 2569 1332 2618 onn-

205 2663 311 2729 cessio
329 2663 424 2728 selus
440 2681 570 2747 semper
586 2669 619 2728 et
635 2661 830 2727 inconcusse
845 2665 1049 2746 permaneat,
1074 2665 1258 2744 presentem
1273 2677 1331 2746 ps*

206 2771 316 2854 ginum
332 2771 550 2838 concessimus
566 2767 668 2857 sigilli
684 2768 787 2836 nostri
802 2767 1018 2854 impressione
1036 2768 1192 2836 roborari.
1208 2767 1330 2835 Datum

206 2899 264 2964 per
279 2897 395 2946 munus
412 2876 535 2946 Metbie
551 2875 784 2964 Zegrubiensis
801 2875 965 2962 Prepesiti
982 2883 1015 2942 et
1030 2885 1140 2943 nostre
1156 2877 1231 2944 aule
1248 2875 1330 2942 Ouu-

207 2987 343 3053 cellarii

206 3249 264 3324 (An
279 3253 386 3310 eredeti
400 3250 470 3310 utdn
482 3251 595 3324 Weiss,
620 3253 781 3312 Urlruuden
794 3252 845 3308 des
860 3247 1175 3309 cistercienses-Stiites
1188 3251 1334 3324 Heiligen·

663 3343 760 3412 kreuz,
787 3341 830 3397 75.
845 3339 877 3412 l.)

640 3605 887 3618 ——an-n
