3198 5058
802 305 960 408 ΕΜ..
1004 305 1005 308 ‘

321 501 393 569 eius
408 499 654 587 Suffraganeos,
669 500 830 589 abbates,
846 503 977 571 Priores
993 509 1027 570 et
1041 499 1126 570 alios
1143 501 1359 570 ecclesiarum
1369 503 1445 570 Pre-

319 611 416 676 latos.

413 857 414 862 η
461 783 606 857 (Eredetie
624 803 643 844 a
660 785 875 848 ssent-mdrtcni
892 784 1047 862 idapdtsdg
1065 783 1288 862 lerdltdrdbsu.)

767 1055 1011 1065 ———--

847 1398 928 1466 204.

322 1581 382 1646 ΙΧ.
400 1579 533 1668 Geryely
550 1582 643 1668 pdpa
667 1600 689 1642 a
706 1577 938 1664 parsaoabalmc'
961 1579 1096 1665 apdtsdp
1121 1577 1308 1646 birtokdaak
1332 1578 1447 1647 baem.

322 1689 413 1778 patei
436 1688 516 1757 eldea
540 1687 718 1754 botdrozott
738 1686 867 1776 cpybdei
881 1685 1046 1753 kidtkoads
1060 1685 1271 1754 betoaenea
1285 1688 1446 1776 oegrcbcj·

713 1799 796 1864 tdsdt
810 1797 937 1883 capeti.
955 1795 1055 1866 1235.

430 2013 612 2101 Gregorius
636 2013 820 2099 Episcopus
845 2031 958 2081 seruus
984 2031 1149 2080 seruorum
1175 2013 1237 2080 Dei
1257 2012 1388 2080 dilectis
1411 2011 1446 2078 ti-

325 2123 379 2190 liis
396 2168 405 2186 .
422 2169 430 2188 .
449 2174 455 2189 .
474 2120 662 2207 simigiensi
678 2126 712 2188 et
728 2172 736 2188 .
753 2170 762 2188 .
780 2171 788 2188 .
808 2118 1031 2207 ‘l'ychoniensi
1046 2120 1231 2192 Abbatibns
1247 2129 1281 2189 et
1298 2173 1304 2186 .
1323 2171 1331 2187 .
1349 2171 1357 2187 .
1382 2119 1447 2188 De

326 2250 408 2298 cauo
423 2229 646 2316 'Pychoniensi
668 2228 919 2317 vesprimiensis
935 2227 1087 2298 Dioeesis
1103 2233 1242 2298 salutem
1259 2236 1293 2298 et
1307 2230 1449 2316 Aposto-

324 2339 424 2408 lieam
448 2335 717 2405 benedictionem.
743 2337 866 2405 Dilcoti
879 2336 938 2404 tilii
952 2337 1067 2406 Abbas
1084 2345 1117 2406 et
1133 2337 1320 2407 Ocnueutus
1336 2339 1449 2404 Mona·

324 2445 417 2532 sterij
434 2445 548 2514 Sancti
562 2445 695 2512 Martini
719 2443 762 2512 de
786 2447 954 2514 Pannonia
969 2447 1065 2514 nobis
1082 2447 1268 2533 significare
1284 2453 1449 2529 curarunt,

326 2552 413 2640 quod
429 2572 501 2620 eum
518 2553 597 2620 olim
613 2552 678 2640 ipsi
694 2553 915 2642 Demetrium,
932 2553 1071 2640 Vrulon,
1088 2557 1218 2640 Bndou,
1233 2555 1448 2622 Benedictnm

326 2669 360 2731 et
375 2663 458 2732 alios
474 2660 622 2730 homines
639 2661 682 2732 de
697 2663 777 2732 uilla
793 2663 888 2730 Wiza
898 2663 1152 2749 vesprimiensis
1168 2665 1320 2733 Diocesis
1338 2682 1449 2732 coranr

326 2769 447 2839 dilecto
471 2769 537 2838 tilio
561 2769 682 2856 Egidio
705 2770 911 2840 Subdiacono
929 2777 962 2838 et
978 2773 1158 2860 Capeliano
1174 2781 1286 2842 nostro
1302 2771 1344 2839 de
1360 2791 1451 2838 man·

324 2877 405 2948 dato
421 2884 534 2948 nostro
549 2883 626 2946 tunc
642 2879 676 2944 in
691 2879 838 2964 Vngaria
854 2887 1074 2950 commorante
1100 2901 1197 2967 super
1222 2883 1448 2970 combustione

327 2987 455 3071 capelle
481 2986 595 3055 Sancti
618 2986 736 3054 Jacobi
761 2988 801 3054 dc
827 2987 968 3056 Heremo
988 2987 1187 3058 Monasterio
1213 2991 1277 3076 ipsi
1293 2991 1450 3076 subiecto,

327 3113 368 3162 ac
383 3095 557 3163 iniectione
567 3113 718 3167 mansum
734 3094 880 3162 uiolenta
895 3094 929 3162 in
943 3098 1123 3165 monachos
1134 3107 1166 3166 et
1177 3117 1354 3167 conuersos
1364 3099 1449 3166 eius·

326 3203 420 3289 dem,
436 3224 497 3272 nec
512 3224 579 3275 non
594 3204 745 3292 dampnis
762 3209 795 3271 et
810 3204 935 3272 iniuriis
951 3205 1103 3291 irrogatis
1127 3206 1252 3274 eisdem
1269 3207 1450 3274 traxissent

209 3305 213 3328 ¹
325 3312 359 3378 in
378 3333 511 3382 causam
521 3363 531 3398 ,
555 3313 642 3380 idem
667 3313 867 3400 Capelianus
883 3313 916 3380 in
932 3333 990 3382 eos
1006 3315 1158 3400 exigente
1173 3317 1318 3402 ipsorum
1336 3322 1448 3383 conta-

325 3424 432 3491 macia
447 3421 624 3491 manifesta
641 3421 983 3490 excommunicationis
1003 3423 1208 3492 sententiam*
1218 3424 1450 3510 promulgarit,

326 3537 360 3598 ct
376 3532 671 3601 excommunicatos
692 3531 901 3600 dennnoiauit
917 3551 957 3598 ac
973 3531 1119 3600 nunciari
1136 3533 1267 3619 publice
1283 3533 1362 3601 lecit
1378 3551 1448 3601 eos·

326 3638 410 3706 dem.
421 3639 488 3708 Sed
503 3638 567 3725 ipsi
584 3637 852 3708 claueslleclesie
866 3647 1122 3728 contemnentes,
1139 3642 1172 3708 in
1188 3641 1306 3711 eadem
1323 3661 1451 3710 excom·

327 3749 556 3818 manicationis
579 3749 743 3818 sententia
768 3751 834 3819 iam
859 3771 918 3836 per
934 3771 994 3822 sex
1010 3769 1116 3820 annos
1130 3751 1364 3822 damnabiliter
1378 3771 1450 3838 per-

327 3862 538 3938 seuerarent,
555 3857 783 3927 nichilominus
799 3880 836 3928 se
852 3859 983 3928 Diuinis
999 3867 1120 3930 temere
1137 3859 1317 3946 ingerendo
1332 3862 1367 3929 in
1383 3863 1451 3928 ani·

327 3985 451 4032 marum
466 3985 597 4032 suarum
613 3966 802 4053 periculum,
821 3987 931 4036 eorum
945 3969 1161 4052 preludicium
1177 3975 1210 4036 et
1226 3969 1452 4037 ecclesiastice

327 4075 499 4162 discipline
524 4081 752 4162 contemptum.
783 4077 823 4142 vt
839 4077 938 4163 igitur
959 4079 1091 4145 vexatio
1108 4077 1295 4146 huiusmodi
1310 4079 1450 4146 forsitan

327 4183 376 4248 eis
391 4183 513 4251 tribuat
528 4183 737 4268 intellectum,
756 4184 946 4254 discretioni
962 4193 1073 4255 nostre
1089 4207 1149 4275 per
1164 4189 1355 4274 Apostolica
1372 4187 1450 4256 scri-

326 4297 385 4377 pta
400 4295 612 4379 mandamus,
638 4295 792 4378 quatinus
811 4295 991 4381 predictam
1014 4297 1361 4370 excommnuicationis
1376 4319 1449 4368 sen·

326 4401 483 4486 tentiam,
500 4403 583 4468 sicut
597 4405 837 4473 rationabiliter
852 4414 904 4474 cst
919 4409 1008 4492 lata,
1026 4406 1161 4476 iacietis
1176 4425 1280 4492 usqne
1296 4407 1340 4474 ad
1355 4409 1451 4476 satis-

328 4503 501 4572 factionem
518 4509 713 4594 condignam
730 4515 926 4580 auctoritate
943 4520 1057 4583 nostra
1076 4515 1206 4583 sublato
1218 4515 1450 4600 appellationis

329 4608 499 4680 obstaculo
514 4615 751 4686 inuiolabiliter
766 4621 952 4709 obseruari,
979 4629 1012 4688 et
1028 4621 1166 4706 singulis
1183 4623 1299 4691 diebus
1314 4621 1461 4692 domini-1
