3214 5066
663 336 799 448 ,χε-ρ,-

164 535 210 604 lis
225 537 259 605 in
272 535 356 604 iesto
372 533 598 603 consensionis
608 533 720 602 Sancti
734 533 829 600 Pauli
840 533 942 600 uestri
959 535 1147 600 memoriam
1157 531 1289 618 solemp-

164 646 250 712 niter
274 642 451 730 faciamus,
476 665 574 730 quam
599 639 657 732 pr'o
682 645 777 712 nobis
803 651 835 710 et
851 643 1005 710 iratribus
1020 644 1140 711 nostrIs
1156 665 1177 712 a
1194 643 1290 710 uobis

164 749 237 820 fleri
252 752 418 822 humiliter
441 759 660 840 peroptamus.
687 752 808 820 Datum
823 751 910 820 VIII.
928 751 996 842 kal.
1017 752 1187 834 Februarii
1203 772 1289 822 anno

168 877 193 926 a
207 859 339 928 Domini
354 859 526 936 natiuitste
542 859 719 928 Millesimo
735 857 966 928 Ducentesimo
993 860 1202 928 Duodecimo.

294 1053 438 1128 (Eredetie
456 1069 474 1110 a
492 1053 694 1114 saentmdrtoni
712 1039 1116 1127 fdapdtsdg'lerdltdrtbant
1142 1065 1148 1072 “

608 1319 854 1335 ...........,....,..,,,,.

709 1558 1000 1632 05.”

166 1742 214 1810 11.
224 1742 454 1830 Bndralcc'rdly
470 1765 491 1809 a
505 1727 736 1831 pcooorslalosi
752 1745 975 1810 szcotrndrtoca'
989 1743 1189 1832 apatsdpoat
1206 1767 1288 1834 mep-

169 1851 281 1918 erdrttr'
303 1863 387 1920 noct
410 1851 524 1920 Lanato
543 1853 576 1916 ds
597 1849 747 1947 Salarama
780 1851 927 1938 kirdlyck
951 1853 1164 1938 adcmcoyait
1190 1853 1288 1917 1213.

277 2048 315 2114 In
331 2047 470 2116 Nomine
487 2049 609 2116 Sancte
624 2049 794 2118 Trinitatis
811 2055 844 2116 et
858 2048 1028 2132 Indiuidue
1044 2039 1196 2118 Vnitatis.
1221 2033 1285 2116 aa·

167 2153 266 2224 dtess
282 2156 346 2226 Dei
361 2157 470 2244 gratia
485 2157 662 2244 Hungarie,
690 2157 860 2242 Ohrcacic,
885 2156 1067 2242 Datmacie,
1083 2157 1195 2240 Reme,
1213 2157 1285 2226 Ser-

167 2264 233 2351 uIe,
250 2260 380 2334 Gulicie
397 2265 653 2352 Lodomerieque
673 2268 745 2334 Rex
770 2266 803 2332 in
828 2271 1026 2352 perpetuum.
1050 2265 1210 2346 Quoniam
1236 2285 1287 2348 ea,

168 2389 233 2456 que
255 2371 410 2450 karitatis
427 2380 580 2458 geruntur
595 2371 702 2440 officio
720 2369 808 2458 apud
823 2392 906 2458 enm,
923 2371 978 2458 qni
995 2371 1129 2439 Karitas
1145 2379 1204 2458 ert,
1222 2393 1287 2440 non
1322 2391 1325 2397 ·
1448 2446 1454 2458 ,

168 2481 256 2550 cetat
272 2479 402 2566 ingrata
422 2487 605 2574 ,temporum
630 2481 770 2568 obliui03
795 2481 928 2567 dignum
956 2489 1016 2566 est,
1043 2489 1079 2546 ut
1097 2501 1153 2565 ea,
1179 2501 1241 2566 qne
1266 2503 1287 2548 a

167 2587 314 2675 Regibus
330 2588 469 2672 gloriose
484 2591 638 2658 memorie
654 2573 774 2658 Diniae
786 2573 1063 2660 remuneracionis
1089 2590 1206 2659 intuitu
1222 2593 1284 2659 ool-

168 2695 240 2763 lata
255 2695 417 2764 Ecclesiis
433 2715 507 2766 esse
523 2704 771 2784 cognoscuntur,
787 2705 877 2766 tanto
898 2699 1094 2790 clemenciae
1109 2699 1215 2786 Regia
1230 2717 1285 2766 an·

168 2803 327 2872 thoritate
352 2803 450 2875 illese
473 2815 707 2892 permaneant;
734 2814 854 2890 quanto
881 2807 1051 2876 oraciones
1071 2807 1143 2900 Deo
1164 2807 1287 2894 jugiter
1397 2891 1399 2898 Ι

168 2913 387 2986 seruiencium
402 2913 491 3000 apud
505 2913 629 3000 Regem
645 2913 769 2999 Regum
785 2915 925 2982 omnium
950 2915 1199 2982 olemenoiorem
1216 2915 1287 2982 adi-

166 3031 235 3088 tum
252 3021 401 3110 optinere
416 3021 471 3109 pie
488 3020 697 3089 conliduntur.
721 3019 844 3090 Dilecti
868 3023 965 3106 igitur
989 3043 1028 3090 ac
1054 3021 1158 3090 tidelis
1183 3023 1286 3089 nostri

104 3165 148 3194 a.
167 3131 249 3198 Osee
262 3131 404 3220 Abbatis
421 3129 462 3198 de
476 3131 586 3200 Monte
602 3130 716 3197 Sancti
730 3131 862 3200 Martini
876 3115 911 3198 in
926 3131 1095 3224 Pannonia
1111 3127 1286 3198 favorabili
1314 3137 1382 3163 *²

167 3239 326 3326 peticioni
336 3238 477 3324 benigne
493 3238 800 3322 condescendentes,
812 3239 1017 3324 priuilegium
1032 3239 1128 3305 Beati
1138 3236 1286 3312 Ladizlai

167 3345 270 3433 Regis
285 3343 432 3442 gloriose'
445 3345 598 3426 memorie
614 3353 706 3416 tanto
723 3345 923 3412 clementiori
938 3345 1066 3426 affectu,
1081 3335 1132 3408 ¹ne
1157 3345 1285 3410 inimice

168 3455 345 3522 vetustatis
362 3457 585 3524 succumberet
599 3457 748 3538 silencio,
766 3453 817 3522 vel
843 3453 955 3538 alique
979 3451 1162 3538 calumpnia
1187 3471 1285 3519 emer-

167 3567 267 3648 gente
284 3561 455 3650 deperiret,
472 3564 578 3648 Regia
594 3565 792 3632 authoritate
807 3561 939 3648 dignum
963 3559 1113 3628 duximus
1139 3563 1285 3629 corrobo-

169 3689 245 3738 rare
262 3675 296 3740 ct
310 3689 480 3758 renovare,
506 3677 634 3756 quanto
653 3689 791 3760 superne
817 3671 884 3740 uite
908 3669 1097 3738 feruentiori
1122 3669 1285 3738 desiderio

170 3780 215 3861 ab
232 3779 306 3868 ipso
321 3779 430 3848 Beato-
440 3781 531 3866 Rege
548 3773 700 3848 collatum
725 3787 757 3848 et
782 3779 1004 3848 confirmatum
1028 3777 1114 3846 dicte
1140 3777 1287 3854 Ecclesia

168 3905 246 3956 csse
262 3888 396 3956 minime
412 3887 605 3977 diffidimus;
622 3896 655 3957 ct
670 3895 791 3974 quanto
808 3887 991 3960 euidentius
1007 3887 1211 3956 oracionibus
1227 3888 1285 3955 ibi-

167 3995 244 4064 dem
265 3993 339 4066 Dec
351 3994 475 4082 jugiter
499 3997 762 4066 scrutandorum
779 3997 1075 4084 opportunitatibus
1090 3996 1210 4062 nostris
1227 4015 1290 4062 nos

169 4101 326 4190 adraim
344 4105 482 4174 feliciter
498 4108 630 4174 cottidie
656 4109 823 4176 sentimus.
846 4105 941 4174 Unde
966 4105 1045 4189 qnia
1068 4105 1192 4172 Beatus
1217 4103 1286 4170 Rex

171 4213 450 4305 Ladmmusjllam
470 4207 656 4285 Ecclesiam
671 4215 854 4302 specialiter
874 4213 1084 4301 prerogatina
1099 4210 1287 4280 dileccionis
1451 4213 1502 4260 *Ἃ
1527 4269 1533 4279 .

169 4321 205 4388 in
222 4320 373 4390 omnibus
388 4323 559 4410 amplexus
575 4331 635 4406 cst,
652 4329 748 4388 tante
764 4319 981 4408 prerogatina,
1006 4338 1100 4402 qvam
1126 4337 1167 4385 ex
1190 4321 1297 4408 longa.

170 4431 367 4516 antiquitate
382 4431 540 4520 possidet,
556 4429 714 4518 derogare
730 4431 862 4498 minime
878 4429 912 4494 in
927 4428 1037 4510 aliquo
1053 4428 1211 4516 volentes,
1228 4427 1286 4496 sed

172 4547 209 4604 at
218 4537 276 4635 J'us
292 4540 406 4626 exigit,
423 4540 562 4608 eundem
577 4540 694 4624 locum,
712 4558 807 4622 qvem
822 4539 948 4623 integro
966 4534 1083 4603 affectu
1100 4537 1286 4622 specialiter
1379 4586 1381 4590 .

173 4644 350 4734 diligimus,
367 4651 529 4736 ampIIare
544 4653 754 4734 satagentcs3
778 4645 903 4714 scilicet
919 4641 1072 4729 quidquid
1097 4652 1147 4711 est
1172 4647 1204 4710 in
1230 4664 1285 4711 au·

229 4770 332 4815 aurora
347 4772 429 4816 noro.
444 4773 508 4816 msc.
518 4791 547 4803 -
556 4773 624 4816 nrm.
638 4774 658 4815 a.
1107 4755 1128 4820 9
