3222 5054
721 347 859 454 Q

757 845 834 910 lte.

273 1029 320 1094 ΙΙ.
336 1027 442 1093 Eudae
453 1023 558 1112 kirrilp
569 1023 750 1090 adalozcsa
766 1045 787 1086 a
803 1021 988 1110 bakocybela‘
1001 1021 1138 1088 tolerer
1151 1023 1307 1087 szdmdra.

741 1132 840 1196 1232.

336 1315 374 1380 In
390 1310 519 1379 nomine
536 1311 658 1378 Sancte
673 1309 845 1378 Trinitatis
861 1314 895 1374 et
908 1305 1081 1375 Indiuidua
1098 1305 1252 1375 Unitatis.
1287 1307 1352 1374 An-

229 1425 327 1492 dreas
342 1421 405 1486 Dei
420 1421 534 1506 gracie
549 1417 738 1502 Hungaric,
753 1417 936 1500 Dalmaeie,
953 1415 1132 1499 Orchacie,
1148 1415 1263 1502 Reme,
1279 1416 1355 1483 Ser·

229 1529 298 1613 uic,
315 1526 444 1594 Galicie
454 1578 463 1612 ,
479 1524 737 1607 Lodomerieque
753 1525 823 1592 Rex
838 1526 871 1592 in
888 1530 1091 1610 perpetuum.
1111 1524 1172 1591 Pia
1196 1531 1248 1590 est
1271 1523 1353 1589 tides

229 1643 262 1702 et
277 1641 394 1704 sancta
411 1631 548 1702 deuocio
558 1683 568 1718 ,
592 1651 659 1717 qua
674 1639 812 1718 peccata
837 1631 1075 1715 deliquescinm
1101 1632 1351 1699 elemosinarum

228 1743 401 1829 largitione
417 1741 534 1812 redimi
549 1761 648 1828 posse
664 1743 772 1826 quiuis
789 1740 948 1810 catolicns
965 1761 1029 1808 non
1045 1741 1218 1828 desperat;
1243 1747 1279 1806 ut
1302 1758 1351 1823 ea,

228 1871 291 1937 que
314 1852 457 1918 humane
486 1850 685 1918 condicionis
711 1849 876 1934 fragilitas
902 1855 1019 1916 contra
1048 1849 1169 1916 Dinina
1198 1855 1353 1934 precepta

228 1961 408 2044 committit,
423 1959 609 2044 benignitas
626 1957 794 2042 indulgeat
810 1959 1004 2042 Salnatoris,
1024 1957 1099 2023 dum
1116 1957 1184 2024 suis
1200 1957 1352 2042 pauperi-

228 2071 288 2135 bus
303 2067 553 2136 misericorditer
570 2075 746 2152 erogantur
755 2115 764 2147 ,
791 2085 853 2150 qne
879 2067 984 2151 ipsius
1000 2065 1226 2133 misericordia
1242 2066 1287 2131 ad
1302 2081 1352 2130 sn·

228 2177 462 2244 stenteeionem
472 2177 539 2242 uite
549 2175 711 2260 presentis
722 2175 864 2240 humano
877 2173 988 2258 generi
1000 2175 1133 2240 contulit
1142 2171 1351 2259 possidenda.

227 2287 300 2352 Hac
315 2284 427 2367 itaque
443 2284 711 2350 consideracione
731 2278 854 2350 inducti
871 2301 929 2368 pro
945 2282 1053 2348 salute
1069 2282 1177 2347 anime
1194 2287 1305 2347 nostre
1320 2285 1353 2345 et

227 2391 468 2477 progenitorum
484 2395 674 2473 nostrornm,
694 2391 893 2457 monasterio
909 2391 1023 2458 Sancti
1038 2389 1187 2457 Manrieii
1202 2387 1243 2456 dc
1258 2390 1350 2476 Bely,

226 2500 305 2566 dum
329 2497 407 2564 illuc
432 2504 508 2583 post
530 2517 716 2580 regressum
742 2507 888 2566 nostrum
904 2499 945 2566 de
960 2499 1109 2585 partibus
1124 2497 1351 2565 transmarinis

227 2627 329 2673 causa
345 2603 499 2672 uisitandi
515 2608 792 2692 accessissemus,
812 2608 961 2675 uidentes
976 2607 1060 2675 illud
1076 2605 1185 2672 multis
1202 2613 1351 2672 anteces-

226 2733 333 2782 sorum
357 2733 500 2780 meorum
524 2713 683 2780 institutis
709 2714 861 2801 destitui,
887 2715 930 2781 ad
953 2715 1165 2783 releuandam
1189 2715 1258 2781 eius
1286 2713 1350 2778 ino-

226 2823 334 2908 piam,
356 2821 397 2887 de
418 2821 630 2907 presentibus
648 2822 765 2889 salium
783 2823 985 2890 terrestrium
1001 2825 1042 2890 dc
1058 2823 1202 2890 Zolocha
1217 2821 1351 2904 triginta

226 2949 356 2996 marcas
381 2930 416 2995 in
441 2937 577 3014 argento
593 2932 646 2996 nel
664 2931 698 2996 in
716 2929 989 3016 eqnipollentibns
1005 2933 1038 2996 in
1054 2931 1201 3016 quolibet
1215 2948 1303 2995 anuo
1317 2925 1350 2993 in

226 3037 444 3104 Pentecosten
462 3039 656 3126 contulimus
674 3041 742 3106 iure
757 3047 915 3124 perpetue
934 3039 1187 3124 persoluendas;
1205 3043 1350 3105 statuen-

224 3151 275 3212 tes
293 3145 445 3230 firmiter,
471 3150 506 3209 ut
532 3145 680 3211 salinarii
690 3196 700 3231 ,
727 3147 783 3229 qui
798 3167 856 3232 pro
874 3155 1021 3232 tempore
1038 3147 1207 3214 constituti
1222 3145 1349 3226 luerint,

223 3255 290 3321 iam
305 3252 391 3320 dicte
407 3273 565 3320 summam
580 3255 716 3337 pecunie
741 3255 775 3318 in
800 3257 936 3322 termino
954 3273 1053 3340 supra
1069 3255 1155 3322 dicte
1171 3257 1350 3320 memorato

223 3362 422 3430 monasterio
439 3365 529 3428 iuxta
544 3361 703 3446 formam,
729 3362 812 3429 sicut
827 3371 1037 3448 pretaxatum
1054 3371 1124 3444 cst,
1148 3363 1220 3430 sine
1239 3359 1351 3444 aliqua

224 3469 439 3536 diminucione
465 3469 591 3534 soluere
613 3475 793 3535 teneantur.
811 3471 854 3535 Vt
869 3470 966 3551 igitur
982 3467 1044 3536 hec
1059 3493 1081 3538 a
1096 3471 1192 3538 nebia
1208 3467 1350 3534 liberali·

223 3585 291 3644 tate
307 3575 413 3660 Regia
429 3576 518 3641 lacta
534 3573 672 3641 donacio
688 3576 786 3642 nullis
803 3597 945 3660 unquam
961 3577 1160 3662 temporibus
1176 3577 1282 3661 pessit
1300 3595 1350 3640 re·

222 3685 368 3766 uacari,
380 3681 439 3748 sed
449 3681 482 3746 in
493 3686 729 3767 generaciones
739 3684 994 3768 generacionum
1004 3684 1100 3751 salua
1111 3691 1144 3750 et
1153 3683 1350 3751 inconcussa

221 3811 350 3878 semper
364 3797 566 3876 permaneat,
577 3791 609 3857 in
619 3800 842 3876 argumentum
855 3793 1046 3863 donacionis
1063 3811 1084 3858 a
1100 3792 1194 3858 nobis
1210 3792 1348 3875 solemp-

220 3902 305 3968 niter
329 3899 434 3982 facte,
460 3905 645 3984 presentem
670 3899 892 3966 concessimus
923 3901 1080 3986 paginam
1107 3899 1348 3984 priuilegiantis

221 4009 322 4092 sigilli
345 4007 448 4074 nostri
474 4005 650 4074 munimine
665 4005 700 4073 in
716 4016 908 4094 perpetuum
923 4008 1121 4076 roboratam.
1154 4006 1274 4074 Datum
1289 4026 1349 4093 per

221 4135 336 4184 manus
352 4113 524 4182 reuerendi
539 4113 671 4198 Vgnlini
680 4115 870 4183 colocensis
886 4115 1136 4202 Archiepiscopi
1152 4122 1185 4181 ct
1201 4116 1348 4184 aulcRc·

221 4225 275 4306 gie
292 4221 497 4306 Cancellarii,
513 4241 599 4286 anno
609 4221 779 4288 Dominice
790 4223 1036 4290 incarnacionis
1046 4221 1347 4292 M⁰cc⁰xxx⁰11t

220 4327 408 4397 Venerabili
438 4327 604 4396 Robertho
635 4327 854 4415 strigoniensi
884 4329 1142 4416 Archiepiscepo
1174 4330 1347 4416 existente,

220 4433 336 4502 Oletho
353 4437 507 4518 Agriensi
517 4485 525 4520 ,
551 4435 710 4520 Gregorio
726 4437 918 4522 Genriensi,
944 4439 1151 4508 Bartolomco
1170 4441 1346 4528 Vesprimi-

220 4541 301 4622 ensi,
316 4541 444 4605 Briceio
460 4540 625 4625 vaciensi,
642 4543 874 4612 Bartholomco
884 4546 1267 4634 Quinque-Ecclesiensi,
1283 4551 1344 4614 Re-

220 4645 320 4714 neldo
336 4645 570 4716 Transsiluano
579 4699 589 4736 ,
605 4649 732 4720 Bulchu
748 4653 967 4722 Chenadiensi
974 4704 985 4741 ,
1012 4657 1193 4728 Benedicta
1208 4655 1345 4726 Vandi-
