3214 5066
501 311 505 318 ’
604 303 751 408 ...aa

122 500 228 569 rtiane
244 499 397 586 retineri,
414 501 539 584 etquia
554 499 601 568 ihi
614 500 756 584 benigne
780 505 812 567 et
836 497 1007 584 magnifiee
1016 548 1025 584 ,
1045 503 1081 564 ut
1095 449 1261 569 ananau..

123 607 230 676 deeuit
245 609 385 694 Regiam
401 608 634 695 celsitudinem
651 609 693 674 ab
709 606 854 675 eiusdem
869 607 968 673 eastri
984 604 1163 672 eastellano
1177 601 1240 668 lra-

16 751 18 776 r
123 723 169 781 tre
186 716 381 802 Raymundo
398 717 438 784 de
454 717 601 802 Pigneno
631 724 664 782 et
679 715 752 783 aliis
779 713 933 782 iratribus
958 709 1077 804 ibidem
1102 730 1240 778 eommo-

122 823 268 892 rantibus
284 826 409 910 reeepti
425 825 553 909 fuimus,
570 825 795 892 constituimus
812 823 957 908 predicto
978 817 1084 890 castro
1110 825 1239 888 eentum

122 953 250 1006 mareas
267 933 308 1003 de
324 935 533 1021 proventibus
549 935 667 1003 salium
682 941 865 1002 nostrorum
881 929 1101 1010 inSeolasohe
1116 948 1238 996 annua-

123 1041 179 1107 tim
195 1041 230 1107 in
245 1042 374 1127 paseali
389 1048 533 1128 tempore
550 1043 583 1110 in
599 1049 735 1126 argento
754 1041 990 1128 imperpetuum
1016 1039 1086 1106 sine
1111 1044 1238 1128 eontra·

123 1149 265 1216 dictione
281 1157 316 1219 et
330 1150 488 1217 dilatione
505 1151 651 1233 qnalibet
666 1149 883 1237 possidendas
900 1156 932 1215 et
947 1145 1170 1234 reeipiendus,
1190 1147 1256 1220 ita,

123 1257 205 1340 quod
229 1261 355 1327 ratione
370 1259 588 1344 prenominati
604 1260 774 1345 eastellani
790 1258 966 1342 sexaginta
990 1257 1073 1324 adeo
1098 1253 1238 1340 proprie,
1314 1290 1316 1294 ·

123 1385 161 1432 ao
176 1366 211 1433 siw
223 1367 360 1452 ipsemet
374 1368 416 1434 de
431 1369 562 1453 proprio
578 1367 770 1452 patrimonio
789 1366 980 1434 statuissent
1007 1359 1106 1451 (lgy),
1124 1356 1238 1436 'fratre
1315 1371 1317 1376 '

123 1476 181 1542 bus
197 1459 277 1544 ve'ro
302 1475 528 1560 quadraginta.
554 1475 691 1542 Talibus
717 1476 835 1543 etenim
860 1473 1070 1541 elemosinam
1091 1476 1238 1538 nostram

122 1585 203 1650 bene
220 1581 381 1651 eredimus
398 1585 602 1668 oolloeatem,
620 1585 674 1666 qui
689 1583 805 1650 eotidie
832 1583 1034 1648 innumeram
1058 1569 1239 1666 pauperum

122 1687 357 1760 multitudinem
380 1691 545 1774 refieiunt,
572 1693 628 1776 qui
657 1693 879 1778 languentium
905 1695 994 1757 artus
1015 1687 1168 1771 mollibus
1193 1687 1237 1752 le-

122 1799 296 1868 ctisterniis
312 1800 468 1882 refovent,
486 1800 541 1885 qui
556 1807 753 1867 mortuorum
768 1817 906 1884 corpora
921 1819 942 1865 a
958 1797 1061 1865 ‘l'obia
1087 1795 1174 1864 doeti
1190 1791 1235 1861 dt-

122 1932 186 1996 gna
201 1911 413 1978 veneratione
439 1909 609 1994 sepeliunt,
638 1909 694 1991 qni
718 1907 876 1993 religione
892 1912 1024 1973 ennetos
1048 1893 1236 1991 precellunt,
1340 1909 1345 1916 ’

123 2021 175 2101 qui
190 2017 373 2084 cotidianos
389 2017 667 2085 hmaleohitarum
692 2017 832 2084 insultus
847 2015 982 2082 viriliter
997 2015 1164 2100 repellunt,
1181 2015 1237 2096 qni

123 2131 250 2212 partem
267 2131 352 2192 terre
367 2123 487 2193 Sancte
513 2131 626 2192 eonha
641 2124 790 2192 inimicos
810 2123 923 2190 Crneis
949 2121 1069 2190 Christi
1093 2127 1126 2188 et
1150 2120 1238 2188 blas-

121 2234 327 2320 phematores
343 2233 480 2303 nominis
497 2233 567 2300 eius
583 2239 731 2319 potenter
747 2233 896 2316 retinent,
921 2230 978 2297 ubi
1003 2229 1161 2297 Dominus
1186 2247 1238 2296 se-

121 2341 219 2408 lutern
236 2339 371 2408 humani
381 2341 514 2426 generis
529 2361 587 2426 per
603 2360 730 2414 ornnem
753 2361 847 2410 suam
871 2339 1095 2408 venerandam
1121 2345 1171 2406 est
1196 2335 1240 2404 di-

120 2456 239 2534 gnatus
254 2451 402 2536 operari;
419 2451 474 2534 qui
490 2452 591 2516 stolas
608 2469 684 2518 suas
694 2451 808 2519 lavant
820 2457 854 2518 et
863 2449 1019 2518 dealbant
1028 2449 1062 2514 in
1072 2445 1239 2532 sanguine,

121 2566 152 2624 et
165 2559 344 2626 seeundum
360 2557 490 2623 modum
505 2557 663 2626 transitus
679 2559 759 2626 Jesu
779 2556 898 2625 Christi
914 2576 1017 2642 regna
1033 2555 1171 2624 oelestia
1187 2573 1238 2622 eo·

119 2672 236 2734 uantur
251 2665 386 2750 adpisoi.
412 2665 454 2732 Et
476 2672 511 2732 ut
534 2665 595 2737 heo
620 2687 641 2732 a
665 2666 758 2732 nobis
781 2665 908 2751 prefato
931 2664 1024 2730 fratri
1048 2660 1239 2750 Raymundo

119 2775 158 2844 de
175 2775 326 2859 Piguano
342 2778 420 2838 tuno
435 2775 590 2860 temporis
606 2773 786 2842 castellano
813 2771 952 2857 aliisque
977 2772 1130 2838 fratribus
1155 2771 1237 2839 eius·

120 2883 192 2950 dem
210 2881 312 2948 eastri
327 2881 419 2950 Crati
443 2880 639 2949 liberalitate
669 2882 775 2968 Regia
805 2880 1071 2966 legitimefaota
1100 2879 1236 2950 donatio

119 2992 213 3058 salva
230 3008 357 3076 semper
373 2991 414 3055 sit
431 2990 668 3056 etinoonoussa
692 2991 894 3074 permaneat,
920 2995 952 3056 et
976 2988 1075 3056 nostri
1099 2989 1152 3056 rel
1178 3009 1254 3075 uo,

119 3109 257 3168 atrorum
274 3116 495 3170 suceessorum
508 3099 711 3184 temporibus
731 3117 797 3166 non
821 3099 932 3166 valeat
957 3097 1160 3182 aliquatenus
1181 3114 1236 3182 re.

119 3207 275 3292 naorath
293 3207 370 3291 quia
386 3225 448 3289 que
463 3203 535 3272 Deo
551 3205 629 3272 data
644 3211 729 3286 sunt,
747 3226 843 3290 saera
858 3189 931 3274 esse
957 3204 1076 3272 debent
1101 3216 1134 3275 et
1159 3209 1234 3278 irre·

118 3316 299 3400 rooabilia;
317 3321 501 3402 presentem
515 3317 671 3402 paginam
688 3315 873 3380 secretioris
898 3312 1002 3398 sigilli
1025 3316 1147 3401 nostri,
1179 3335 1235 3384 au·

118 3444 172 3491 ree
188 3425 343 3492 videlieet
357 3423 445 3490 bulle
461 3431 625 3492 caractere
641 3421 777 3490 lecimus
793 3421 951 3507 insigniri.
968 3421 1088 3505 Datum
1099 3439 1232 3508 permar

118 3553 178 3602 uus
195 3531 348 3616 magistri
362 3531 541 3618 Hugnerini
551 3533 624 3598 aule
640 3536 749 3598 nostre
761 3529 958 3612 eeneellarii,
973 3549 1057 3596 anno
1068 3529 1110 3596 ab
1126 3529 1233 3602 mear-

118 3641 260 3710 naeibne
276 3637 408 3711 Domini
422 3637 632 3723 MCCX-VII,
646 3657 731 3704 auno
746 3635 852 3722 Regni
866 3634 968 3704 nostri
983 3635 1074 3704 XllL
1091 3635 1233 3706 Venera-

118 3749 175 3818 bili
192 3748 344 3816 Johanne
361 3745 585 3834 Strigoniensi,
602 3746 792 3814 Reverendo
807 3744 960 3814 Bertoldo
988 3744 1159 3814 Coloeensi
1175 3748 1233 3815 Ar·

118 3856 336 3944 ohiepiaeopis
353 3856 575 3948 eristentibus,
593 3855 716 3922 Calano
733 3853 1233 3938 Quinqneeeolesiensi,*Deside-

118 3970 165 4034 rio
183 3965 391 4050 Cenediensi,
409 3967 550 4052 Symoue
566 3963 784 4050 Waradiensi,
811 3965 981 4034 Wilhelmo
1006 3963 1230 4048 Transilvano,

118 4075 257 4142 Roberto
273 4073 521 4160 Vesprimiensi,
533 4074 626 4142 Petro
643 4075 818 4155 lauriensi,
834 4074 959 4142 Jaeobo
975 4073 1139 4158 vaciensi,
1151 4069 1230 4138 Ste-

117 4185 227 4270 phano
236 4180 467 4268 Zagrabiensi,
484 4183 608 4250 Thema
623 4183 775 4268 Agriensi
785 4182 903 4250 Eleuto
927 4181 1097 4268 Episeopis
1121 4179 1231 4256 Coele,-

118 4293 186 4360 sias
203 4292 268 4360 Dei
283 4291 424 4358 feliciter
436 4289 712 4376 gubernantium
729 4289 807 4358 Jula
823 4290 982 4372 Palatino,
1001 4285 1149 4356 Dionisio
1164 4288 1231 4356 Ma·

118 4394 219 4484 gistro
235 4397 489 4466 Tauarnieorum
504 4405 537 4464 et
552 4397 677 4464 Comite
690 4397 779 4466 Noui
794 4396 911 4482 Castri,
931 4395 1065 4465 Ranaim
1080 4393 1228 4482 Voyede,

119 4507 204 4578 Ceus
235 4507 360 4576 Comite
384 4505 522 4592 Curiati,
552 4505 705 4574 Baueone
721 4506 822 4591 Bene,
847 4504 1028 4590 ceterisque
1053 4501 1231 4571 Comitibus
1341 4573 1342 4576 ,

120 4614 303 4689 Comitatus
318 4614 512 4685 tenentibus.
