3222 5054
181 545 245 612 hoc
260 544 404 632 simplici
423 547 525 614 uerbo
551 548 623 615 sine
648 528 874 632 sacramento,
899 553 932 614 et
955 548 1030 616 aliis
1056 549 1309 636 probacionibus

182 652 249 720 Viti
275 659 310 720 et
333 653 505 723 Michaelis
531 661 779 742 procuratorum
798 655 936 722 Abbatis
952 663 985 722 et
1000 655 1184 723 Conventus
1200 657 1307 743 predi·

181 767 326 848 ctorum,
352 781 435 850 quos
460 762 559 830 iidem
584 763 698 831 Abbas
724 771 757 831 et
774 763 958 831 Oonuentus
973 769 1124 851 presente
1140 765 1228 831 dicto
1245 765 1306 832 lia·

181 870 282 937 biauo
298 876 332 937 et
347 874 579 941 consenciente
594 872 629 938 in
644 879 758 940 nostra
772 873 945 960 presencia
962 893 1039 941 suos
1049 873 1185 940 nuncios
1195 880 1228 941 et
1237 891 1308 958 pro

180 983 351 1048 curatores
375 979 420 1048 ad
443 982 667 1069 recipiendam
682 978 879 1068 {porcionem
895 981 1095 1067 prefatorum
1109 1000 1216 1047 rernm
1232 1002 1307 1048 con·

180 1087 372 1176 stituerunt,
399 1093 433 1157 et
457 1089 502 1156 ad
528 1090 791 1159 denunciandum
809 1090 923 1176 vobis,
939 1089 968 1158 si
984 1091 1044 1157 illa
1058 1089 1228 1176 possessio
1245 1107 1307 1154 non

181 1193 267 1263 toret
289 1199 461 1283 restituta,
486 1200 539 1266 uel
564 1199 750 1266 restitutam
776 1199 906 1266 anferre
931 1200 1019 1266 idem
1044 1197 1209 1266 Fabianus
1234 1215 1306 1281 pre-

181 1310 399 1391 sumpmeret‚
423 1307 478 1372 uel
493 1307 635 1375 turbare.
668 1306 883 1376 Continencia
898 1313 1008 1376 autem
1024 1307 1207 1374 litterarum
1222 1306 1308 1373 eius·

180 1410 257 1478 dem
272 1411 414 1483 Fabiani
429 1411 491 1480 bec
507 1421 576 1482 est:
667 1441 669 1446 ¹

288 1519 505 1588 Sanctissimo
530 1522 563 1588 in
587 1521 716 1588 Christo
742 1523 828 1606 patri
854 1543 897 1590 ao
921 1521 1051 1590 domine
1071 1517 1227 1608 J(acobo)
1244 1519 1308 1586 Dei

180 1625 297 1712 gracia
311 1629 503 1696 Prenestino
519 1630 633 1696 illecto
648 1631 837 1716 Apostolioe
852 1631 949 1698 Sedis
973 1632 1117 1716 Legato,
1142 1629 1309 1696 Fabianus

178 1735 267 1802 tilius
283 1737 448 1824 Ambrosy
464 1736 610 1824 Comitis,
628 1739 862 1824 Strigoniensis
877 1739 1028 1806 Diocesis
1044 1737 1189 1804 debitam
1216 1756 1305 1802 reue-

178 1844 336 1911 renciam.
353 1845 528 1912 Sanctitati
542 1853 653 1914 uestro
667 1849 874 1933 presencium
886 1855 999 1914 tenore
1010 1847 1203 1928 innotescat,
1220 1844 1308 1929 quod

180 1972 253 2020 eum
278 1951 475 2020 auctoritate
494 1959 605 2022 uestra
621 1973 730 2022 essem
748 1953 1098 2022 excommunicacionis
1114 1953 1245 2018 uinculo
1262 1952 1307 2016 in-

179 2063 321 2129 nodatus
336 2081 396 2149 pro
412 2081 471 2148 eo,
498 2062 584 2148 quod
601 2064 778 2132 ecclesiam
792 2065 906 2133 Sancti
923 2064 1063 2148 Spiritus
1079 2081 1150 2128 curn
1167 2060 1234 2127 suis
1250 2080 1307 2145 pa·

178 2170 274 2236 labiis
290 2191 331 2236 ac
346 2165 579 2257 pertinenciis,
595 2191 674 2240 usus
690 2173 796 2240 minus
811 2163 950 2259 procido
966 2171 1114 2255 consilio,
1131 2169 1253 2236 Abbati
1274 2173 1308 2233 et

179 2276 361 2344 Oouuemui
375 2279 488 2346 Sancti
503 2280 635 2346 Martini
652 2280 695 2346 ad
710 2281 900 2348 mandatum
916 2288 1057 2347 uestrum
1067 2279 1240 2347 restituere
1252 2295 1306 2342 no-

178 2388 324 2472 luissem,
340 2387 473 2454 tandem
489 2395 656 2456 reuertens
672 2390 717 2456 ad
732 2408 798 2473 cor,
824 2409 896 2456 curn
912 2389 996 2456 alias
1012 2388 1052 2453 de
1068 2389 1137 2454 iure
1154 2407 1217 2452 non
1234 2405 1309 2470 pos·

180 2515 250 2564 sem
267 2493 489 2562 absolucionis
507 2496 696 2564 beneficium
712 2496 871 2581 obtinere,
888 2497 1023 2585 promisi
1033 2503 1065 2566 et
1075 2495 1226 2583 promitto
1237 2493 1308 2560 Deo

181 2613 215 2671 et
229 2604 325 2671 nobis
341 2603 511 2673 bonafide
531 2613 565 2673 et
580 2607 651 2674 sine
670 2605 806 2691 fraude,
825 2609 959 2694 prestito
975 2604 1204 2674 nichilominus
1220 2623 1241 2670 a
1257 2623 1309 2669 me

179 2714 253 2798 ipso
269 2714 484 2806 corporaliter
499 2716 699 2800 iuramento,
720 2723 837 2803 sponte
854 2723 887 2783 et
902 2718 975 2783 sine
991 2716 1104 2800 aliqua
1119 2714 1308 2797 coaccione‚

180 2822 266 2906 quod
282 2841 387 2907 usque
412 2821 457 2888 ad
481 2828 549 2891 tres
575 2823 646 2892 dies
665 2824 849 2911 predictam
875 2825 1050 2893 ecclesiam
1066 2843 1138 2890 cum
1154 2815 1222 2889 iuis
1237 2841 1308 2908 por-

180 2928 348 3015 cionibus,
375 2929 480 2999 seruis
506 2937 539 2998 et
563 2934 639 3001 aliis
664 2935 875 3019 pertinenciis
892 2935 935 3002 ad
952 2932 1111 3012 eandem,
1136 2929 1308 2999 restituam

180 3039 303 3106 Abbati
318 3046 351 3106 et
360 3039 544 3108 Genueutui
557 3041 765 3129 supradictis,
781 3041 967 3110 inducendo
984 3059 1041 3109 eos
1056 3041 1090 3107 in
1106 3059 1218 3106 ueram
1235 3057 1308 3125 por-

179 3147 319 3229 cionem,
335 3153 369 3215 et
383 3148 534 3234 promitto
551 3149 611 3216 sub
627 3150 738 3217 debito
763 3149 954 3234 iuramenti,
979 3146 1066 3233 quod
1082 3167 1248 3231 nunquam
1266 3147 1309 3212 de
1323 3183 1325 3188 ·

69 3295 75 3306 ·
181 3263 293 3324 cetero
310 3277 370 3342 per
385 3276 438 3323 me
453 3257 506 3323 uel
522 3276 583 3344 per
599 3257 717 3343 alium,
733 3256 843 3325 dando
861 3258 1031 3324 consilium
1059 3256 1113 3321 nel
1139 3254 1307 3336 auxilium,

180 3366 234 3432 uel
250 3364 363 3448 aliquo
379 3366 468 3430 malo
484 3365 617 3448 ingenio
633 3365 819 3453 impediam,
837 3366 891 3432 uel
907 3365 1028 3430 faciam
1046 3360 1215 3449 impediri,
1231 3379 1307 3446 quo-

179 3473 287 3539 minus
303 3473 419 3540 Abbas
436 3479 469 3538 et
484 3471 670 3541 Gonuentns
686 3473 834 3560 superius
846 3473 1004 3541 nominati
1014 3469 1308 3557 utanturporcione

179 3580 399 3667 predictarum
415 3599 523 3647 rerum
541 3580 677 3665 pacifice
693 3587 726 3648 et
742 3580 861 3666 quiete.
878 3579 949 3650 Nec
964 3575 1094 3648 intrabo
1104 3578 1223 3644 dictam
1234 3596 1308 3662 por·

178 3689 306 3756 cionem
323 3689 457 3755 ulterius
474 3707 534 3774 per
549 3707 601 3754 me
617 3689 672 3756 uel
689 3709 748 3774 per
765 3691 864 3756 alium
881 3689 990 3755 animo
1006 3685 1189 3772 retinendi,
1214 3685 1308 3751 salua

178 3797 278 3864 michi
294 3795 504 3882 proprietatis
521 3797 554 3863 in
571 3795 720 3864 omnibus
745 3797 927 3881 questione.
960 3797 1002 3863 Et
1018 3793 1105 3880 quod
1120 3793 1163 3860 ad
1178 3794 1243 3860 ista
1258 3793 1306 3858 fa-

179 3903 298 3971 cienda
312 3921 388 3969 mea
402 3903 546 3970 intencio
562 3901 668 3987 possit
685 3903 864 3990 procedere
874 3905 945 3972 sine
955 3905 1068 3988 aliqua
1076 3901 1221 3978 neolone,
1232 3901 1308 3967 uolo

179 4019 212 4080 et
227 4017 304 4098 peto
320 4033 342 4078 a
358 4010 544 4078 Sanctitate
562 4017 693 4095 uestra,
719 4013 807 4096 quod
823 4032 864 4079 ex
880 4033 966 4080 nunc
983 4019 1097 4080 contra
1112 4031 1165 4080 mc
1181 4029 1307 4077 excom-

178 4118 414 4187 municacionis
430 4119 631 4186 sentenciam
646 4120 879 4206 promulgetis,
907 4121 940 4187 in
964 4139 1061 4204 quam
1077 4117 1219 4185 incidam
1235 4117 1307 4203 ipso

179 4225 280 4312 tacto,
297 4227 326 4293 si
341 4227 464 4296 dictam
480 4229 667 4314 porcionem
683 4250 748 4296 non
764 4231 899 4297 restituo
915 4229 1003 4298 infra
1021 4228 1169 4315 spacium
1185 4233 1308 4312 tempo·

180 4337 224 4402 ris
240 4335 433 4420 memorati,
459 4337 514 4404 uel
540 4337 570 4403 si
593 4335 776 4404 restitutam
802 4337 936 4404 turbare
952 4337 1008 4404 uel
1023 4335 1154 4404 auterre
1170 4353 1229 4421 per
1244 4335 1306 4400 ali·
1410 4337 1414 4348 '

181 4463 280 4528 quam
295 4443 512 4530 sistendam,
528 4463 589 4530 per
605 4462 657 4512 me
672 4445 725 4512 uel
741 4463 800 4531 per
816 4445 899 4512 alios
915 4449 1091 4528 anteqmm
1106 4445 1213 4528 ipsam
1229 4462 1304 4528 pro·

179 4555 353 4643 prietatem
369 4553 402 4619 in
419 4553 540 4620 iudicio
558 4554 716 4636 euiucam,
734 4571 834 4620 ausus
849 4553 942 4620 fuero
958 4559 1164 4638 attemptare.
1178 4549 1220 4618 lit
1230 4552 1306 4634 quia

180 4662 311 4754 proprio
327 4679 424 4732 careo
441 4661 560 4750 sigillo,
577 4667 761 4749 presentem
777 4667 903 4730 cartam
916 4660 1131 4748 obligacionis
1142 4679 1214 4728 mec
1224 4659 1303 4727 duxi
1433 4741 1441 4756 ι
