3214 5072
331 1075 377 1169 11.
402 1099 501 1188 Gciza
523 1119 544 1162 a
566 1096 687 1163 toldszi
704 1094 870 1183 „uolgatae
893 1097 991 1182 vtpctt
1013 1117 1035 1160 o
1057 1049 1278 1163 summonte·
1301 1093 1451 1183 apoteca·

423 1207 489 1272 nair
514 1203 667 1272 Scolootc
690 1203 771 1268 nevil
791 1202 986 1270 odoamokot
1009 1203 1116 1290 engadi
1138 1201 1228 1269 odat.
1253 1203 1353 1268 1150.

432 1405 469 1470 Iu
484 1400 612 1470 nominc
623 1401 742 1469 Sancte
756 1407 788 1469 et
797 1399 968 1468 indiuiduo
981 1399 1162 1468 Trinitatis.
1174 1403 1244 1470 Rex
1258 1406 1371 1488 noster
1380 1399 1450 1482 glo·

329 1512 526 1582 riosissimus
537 1511 640 1578 Geizo
652 1505 863 1598 prosrcmedio
874 1516 908 1576 et
923 1508 1149 1595 redempcione
1159 1507 1268 1576 anime
1284 1527 1352 1594 suo,
1364 1506 1451 1576 sicut

326 1621 430 1700 mults
447 1621 523 1702 elie,
541 1619 589 1686 ito
606 1625 637 1686 ct
653 1617 989 1695 hunchominem,'cui
1006 1637 1123 1686 nomen
1135 1616 1360 1688 estSculwuta
1375 1635 1450 1684 cum

326 1727 522 1796 tiliissuissd
543 1725 685 1794 officium
700 1725 897 1812 piscationis
911 1725 1004 1794 Beati
1015 1725 1146 1794 Martini
1165 1725 1281 1792 exsuis
1296 1722 1448 1794 uduorni-

329 1837 377 1904 ois
392 1835 525 1902 tradidit
539 1841 676 1922 rogante
693 1840 726 1902 et
741 1841 898 1918 querente
915 1833 1011 1902 boote
1022 1823 1447 1904 memorieDaridAbbato.

326 1943 422 2026 Quod
437 1950 545 2010 ectum
562 1950 612 2010 cst
628 1963 714 2010 anno
736 1945 776 2010 ab
801 1943 1033 2010 incarnacione
1048 1941 1178 2009 Domini
1203 1941 1300 2010 MCL.
1325 1941 1359 2006 in
1374 1960 1447 2026 pre-

247 2101 250 2107 ,
284 2122 287 2128 ,
324 2053 435 2118 sencia
451 2070 570 2138 corum,
584 2071 718 2136 quorum
733 2052 863 2118 nomina
875 2055 950 2118 sunt
961 2047 1038 2118 hec:
1056 2049 1216 2116 Martinus
1229 2047 1399 2134 Agriensio
1414 2054 1449 2116 et

323 2161 424 2245 Izbeg
440 2161 629 2227 Geuriensis
646 2155 811 2244 Episcopi,
829 2159 1007 2228 Geruasius
1032 2157 1234 2244 Capellanus
1258 2157 1368 2243 Regis,
1384 2157 1446 2224 Be-

293 2273 296 2278 '
325 2268 375 2335 lus
391 2269 510 2354 Bonus,
527 2268 721 2350 Heindricus
737 2265 853 2334 Comes
864 2267 1012 2352 Curiatio,
1029 2269 1126 2356 Appn
1137 2268 1253 2335 Comes
1265 2272 1297 2334 ot
1313 2285 1352 2332 eo
1366 2273 1446 2348 tepr-

326 2395 404 2462 pore
420 2375 509 2463 apud
523 2379 647 2463 Regem
671 2374 951 2462 preciosissimus,
977 2385 1010 2444 ct
1034 2378 1093 2444 olii
1108 2397 1210 2463 quum
1228 2374 1348 2462 plnres,
1365 2393 1446 2460 quos

325 2503 515 2552 enumcrare
531 2486 664 2570 longum
679 2491 738 2552 est.
764 2482 945 2554 Pristeldus
972 2485 1120 2570 ejusdem
1136 2487 1187 2553 rei
1202 2483 1379 2570 Gregorius
1394 2503 1446 2551 ru-

322 2591 374 2661 sus
389 2590 431 2658 de
445 2591 525 2664 vina
539 2591 689 2676 Ahchyn,
713 2592 855 2660 notorius
881 2593 1070 2678 Barnabas,
1088 2593 1142 2680 qui
1162 2599 1194 2659 ot
1209 2592 1294 2660 hanc
1309 2598 1436 2660 curtum

43 2757 45 2766 r
182 2768 186 2782 ,
237 2725 241 2731 ·
322 2699 453 2786 scripsit
467 2705 500 2767 ot
516 2700 623 2786 sigillo
639 2700 779 2787 predicti
793 2701 892 2788 Regis
902 2701 1065 2787 impressit
1075 2707 1231 2788 perpetuo
1242 2714 1483 2790 mensnromp

324 2809 430 2890 Quam
446 2807 507 2896 qui
522 2808 697 2896 infringere
722 2809 860 2878 voluerit
876 2810 1022 2896 ejusdcm
1037 2811 1136 2898 Regis
1153 2809 1284 2878 decreto
1301 2809 1328 2876 L
1343 2809 1445 2879 libres

322 2918 395 2985 euri
410 2915 586 3005 persoluat,
614 2920 706 3004 cujus
734 2918 870 2986 dimidia
885 2939 963 3007 pars
978 2919 1080 3006 Regio
1097 2919 1193 2986 Fiscc
1211 2918 1377 3006 inferetur,
1393 2919 1445 2990 di·

283 3037 285 3042 “
323 3024 426 3094 midio
441 3046 518 3097 vcro
534 3025 576 3094 ad
593 3045 756 3096 cameram
771 3027 866 3096 Booti
880 3028 1012 3096 Martini
1027 3028 1211 3114 pertinebit.
1248 3083 1251 3088 .

400 3191 403 3196 Ι
494 3237 637 3311 (Ercdetic
652 3257 669 3297 s
682 3238 884 3298 snsntmdrtoni
896 3239 1048 3314 fdopdtstg
1060 3238 1290 3314 tevdttrdbant

759 3503 1004 3524 mnu—aq—

845 3748 901 3812 28.

324 3945 371 4009 ΙΙ.
390 3941 496 4010 Gstsa
517 3941 625 4028 diruy
647 3943 692 4006 20
714 3951 795 4008 aust
817 3939 890 4029 pne
905 3941 1044 4031 fejtben,
1060 3945 1205 4033 cwlyekct
1228 3970 1250 4010 a
1271 3952 1440 4014 ozorutoutr.

324 4049 524 4140 tontopottdt
538 4051 749 4132 totcsodozorr,
771 4074 809 4116 az
831 4045 1173 4140 apdtsctpotfo'fflclrltcl
1188 4056 1437 4143 ndomdnyozzo.

827 4159 924 4224 1151.
1012 4181 1022 4204 ·

429 4355 549 4423 Divina
573 4355 785 4442 dispensante
810 4356 1003 4442 clementia,
1030 4358 1139 4444 Geyse
1163 4363 1253 4448 Rege
1268 4369 1436 4450 regnante,

324 4480 409 4530 anno
425 4481 487 4547 quo
503 4461 677 4552 Martyrios
693 4465 725 4532 in
736 4465 1020 4552 Archiepiscopum
1033 4473 1082 4534 est
1098 4467 1232 4556 clectus,
1246 4471 1327 4546 Belo
1343 4473 1435 4542 Bono

324 4573 498 4656 existente,
523 4574 674 4659 colloquii
699 4593 797 4641 ceusu
820 4574 921 4660 Regis
945 4595 986 4644 oo
1013 4578 1111 4645 totius
1137 4579 1241 4665 Regni
1256 4599 1327 4648 cum
1343 4583 1435 4649 Duce

324 4681 475 4751 Austrise
490 4681 604 4750 habito
619 4690 678 4750 est.
695 4681 745 4750 Ad
761 4683 845 4770 quod
862 4703 942 4772 cum,
959 4690 994 4752 nt
1008 4684 1105 4756 moris
1121 4695 1182 4767 est,
1191 4689 1262 4758 Rex
1279 4707 1349 4760 cum
1365 4691 1433 4760 suis
