3214 5072
801 329 959 438 ...ll-

182 617 188 628 „
313 528 553 617 ¹suntpatriote
577 525 712 596 dominii
735 526 924 595 insularum.
945 525 985 592 ¹Iu
1011 521 1124 592 diebus
1147 519 1216 588 illis
1246 519 1307 587 fuit
1336 520 1440 586 Ratco

291 711 293 718 ,
325 622 503 725 presbyter,
519 641 553 703 et
566 635 727 720 monachi,
745 641 777 702 et
792 632 968 710 servitores
995 629 1142 698 Ecclesie
1166 629 1279 698 Sancti
1301 625 1441 718 loannis

327 745 368 812 de
381 743 524 828 Povglie,
539 741 666 828 luitque
683 742 777 830 plebs
802 741 941 811 Bruchie
966 743 1000 806 et
1022 736 1129 806 Phare
1155 757 1228 808 cum
1252 735 1372 802 Bratco
1397 751 1442 798 na

326 851 419 919 Bolu.
443 851 622 938 coepitque
648 849 737 936 loqui
762 852 881 918 Bratco
906 845 1102 916 monachus:
1128 844 1245 942 (lomes
1270 849 1303 912 et
1329 858 1443 909 omnes

326 960 471 1028 nobilest
505 959 734 1028 lionasterium
760 959 874 1026 Sancti
903 957 1040 1025 Joannis
1064 954 1126 1021 init
1149 966 1304 1040 magnum
1329 953 1441 1033 antem

327 1068 411 1136 sicut
426 1089 485 1135 vos
501 1069 652 1154 noscitis;
677 1086 762 1134 nunc
785 1087 863 1134 vero
887 1073 963 1134 sunt
987 1064 1145 1132 distructa
1171 1061 1241 1128 eins
1264 1057 1441 1126 territoria.

326 1176 381 1246 Sic
396 1175 518 1260 andivi,
528 1175 614 1260 quod
628 1177 712 1244 istus
727 1185 832 1242 terras
848 1195 906 1242 vos
919 1173 1082 1257 detinetis,
1092 1191 1134 1256 po
1151 1171 1260 1238 Concu
1275 1167 1393 1234 Oomes
1410 1169 1443 1230 et

327 1285 620 1371 sopanus-fuerunt
636 1291 713 1352 aute
729 1283 839 1378 Sancti
854 1281 992 1351 Joannis
1008 1279 1165 1362 Ecclesic,
1181 1294 1335 1364 rogovos
1351 1273 1443 1340 nobi·

329 1395 388 1476 les,
404 1400 440 1459 ut
454 1392 546 1480 ipsas
562 1393 686 1460 daretis
711 1393 868 1460 Ecclesie.
894 1391 985 1458 Tunc
1011 1389 1093 1456 dixit
1116 1389 1233 1455 Bratco
1259 1385 1387 1462 Comes,
1411 1385 1444 1447 et

328 1479 452 1570 f’arros
469 1519 633 1586 cupanns:
652 1501 749 1568 Fiant
764 1501 835 1568 Deo
853 1508 885 1567 et
900 1499 1022 1568 Sancto
1046 1495 1166 1564 Josnni
1190 1491 1444 1582 deprecaciones

329 1613 392 1682 istc
407 1593 503 1696 orout
518 1610 655 1676 fuerunt.
672 1615 734 1675 etc.
782 1649 784 1658 x

331 1785 493 1860 (Oiocurelli
511 1785 590 1856 utcu,
609 1783 812 1844 Osserveaioni
835 1785 911 1842 sulla
930 1783 1006 1842 isola
1016 1739 1095 1838 cella
1106 1781 1216 1836 Brona
1229 1777 1289 1834 106.
1305 1775 1325 1834 l.
1339 1775 1436 1842 cass)

749 2047 1003 2060 Μ

848 2289 917 2355 -39,

332 2436 396 2502 ΙΙΙ.
429 2435 509 2501 Belo
540 2432 649 2522 kircly
689 2432 800 2520 ledcya
831 2433 1032 2520 dujlcdjdnalc
1062 2431 1107 2496 tc
1131 2429 1318 2518 szolqdlutcit
1341 2429 1447 2497 ccaak

492 2540 686 2607 tentcereiben
705 2545 735 2606 ca
742 2540 868 2644 ficibus
889 2539 1156 2627 mcgjutcbmaazc.
1182 2539 1279 2604 1185.

440 2704 477 2770 In
492 2702 621 2768 nomine
638 2699 759 2767 Sancte
776 2707 809 2765 et
824 2699 993 2767 Indiuidue
1010 2699 1162 2768 Vnitatis.
1179 2699 1263 2765 Bela
1280 2698 1346 2766 Dei
1373 2719 1447 2784 gra-

332 2808 571 2895 ciaHungaricj
581 2809 764 2889 Dalmacie,
776 2808 921 2894 Groacie,
932 2811 1098 2892 Rameque
1109 2794 1181 2874 Rex
1197 2809 1229 2873 in
1245 2813 1448 2894 perpetuum.

278 2957 283 2972 ·
333 2915 435 3000 Regis
450 2916 657 2985 sublimitatis
667 2917 830 3000 obsequiis
839 2916 976 2985 fideliter
985 2917 1179 2985 insudantes
1189 2915 1296 3003 Regia
1312 2915 1448 3002 dignum

334 3031 385 3091 est
400 3025 661 3092 remuneracione
676 3025 828 3110 gaudere,
844 3044 903 3092 nec
919 3045 941 3091 a
955 3027 1086 3092 tramite
1101 3024 1255 3109 equitatis
1280 3025 1447 3108 abhorret,

333 3139 368 3197 vt
384 3133 495 3200 deuoti
510 3133 633 3200 laboris
649 3133 795 3199 meritum
811 3137 980 3218 coagitata
997 3141 1029 3202 et
1044 3131 1279 3219 supereffluens
1297 3151 1449 3202 mensura

336 3247 533 3326 compenset.
558 3241 642 3307 Hinc
658 3247 708 3308 est
723 3242 840 3326 vtique,
858 3240 944 3325 quod
959 3243 1090 3308 labores
1106 3240 1240 3308 nutricis
1255 3239 1322 3307 iilic
1337 3250 1449 3308 nostre

336 3349 427 3416 oculo
443 3349 625 3435 benigniori
639 3351 808 3426 intuentes,
824 3347 905 3414 duos
928 3348 1047 3432 fratres
1072 3348 1226 3432 eiusdem,
1244 3347 1449 3415 Dominicum

335 3447 489 3526 videlicet
504 3465 537 3524 et
551 3457 654 3524 Heius
670 3479 691 3525 a
707 3457 891 3526 Jeuriensis
907 3458 1007 3526 castri
1030 3458 1185 3526 seruitute
1210 3457 1388 3524 exemimus
1416 3465 1448 3522 ct

335 3565 481 3633 eiusdem
496 3567 595 3633 castri
606 3565 801 3652 jobagiones
811 3567 1048 3653 constituimus3
1064 3574 1187 3633 terrem
1196 3585 1338 3650 quoque,
1349 3584 1446 3648 quom

335 3672 458 3742 habent
473 3674 506 3739 in
522 3674 591 3741 th
606 3673 653 3740 eis
670 3676 815 3760 presenti
831 3675 952 3762 scripto
969 3673 1204 3744 confirmamus.
1221 3674 1323 3741 Filios
1339 3681 1448 3740 antem

258 3783 260 3788 ’
337 3781 482 3852 eiusdem
498 3781 651 3866 mulieris,
669 3781 820 3850 videlicet
846 3782 997 3850 Vasaard
1022 3789 1056 3851 et
1080 3782 1238 3866 Vendegh
1265 3783 1449 3850 libertatem

334 3891 458 3960 seruari
473 3891 616 3982 volumus
631 3891 802 3959 illibatam.
818 3892 913 3988 Anno
929 3892 1170 3960 lncnmocicnis
1186 3891 1361 3958 Dominice
1376 3891 1449 3957 mil.

334 3997 448 4066 lesimo
464 4000 641 4066 centesimo
665 4000 885 4085 octuagesimo
902 4003 1024 4086 quinto.
1048 4001 1234 4067 Venerabili
1248 3999 1311 4076 Job
1329 3999 1450 4086 Strigo-

334 4105 480 4173 niensem
513 4107 694 4192 Ecclesiam
716 4107 867 4174 feliciter
893 4110 1112 4195 gubernante3
1146 4093 1273 4174 'rhomo
1297 4107 1449 4176 Palatino

334 4214 469 4298 Gomitn,
485 4215 715 4302 MochCuriali
732 4215 866 4284 Comite.
892 4215 986 4283 Hanc
1010 4215 1113 4302 Regis
1129 4203 1374 4284 constitucionis
1399 4237 1450 4284 se·

336 4323 415 4389 riem
431 4321 593 4391 Adrianus
610 4323 771 4394 Bndcnsis
797 4325 944 4393 Ecclesia
968 4325 1159 4409 Propositus
1185 4331 1217 4390 et
1241 4325 1325 4392 Aule
1349 4324 1451 4409 Regis

336 4429 568 4499 cancellarius.
586 4455 588 4460 ¹
1367 4439 1369 4442 ’

337 4567 458 4646 (nonest
475 4555 587 4644 mci,
604 4573 698 4648 musy
717 4573 830 4630 nucu
848 4569 1109 4646 megccrrcrcbcr,
1128 4571 1261 4644 maryres
1289 4571 1413 4630 cresenc
1433 4591 1452 4632 s

549 4665 754 4723 ssentmlrtoni
774 4662 927 4736 itapltstg
944 4663 1138 4723 leveltirtban
1160 4661 1237 4738 vnn).
1361 4727 1364 4734 Ι

781 4797 1003 4816 ω
