3214 5066
780 801 782 805 ,
836 755 891 820 98.

303 939 372 1004 ΙΙΙ.
391 938 551 1004 Hostorias
570 937 663 1022 pulpa
688 956 725 998 az
750 934 931 1021 esztcrqami
947 935 1092 1000 mseknek
1117 955 1138 996 a
1154 933 1320 1019 persever&
1334 935 1427 1000 osse

582 1043 664 1110 lized
673 1042 859 1135 j'o'oedeluctl
874 1043 982 1108 isne-i
996 1041 1034 1110 el.
1053 1044 1148 1106 1221.
1192 1041 1195 1046 ’
1380 1053 1384 1060 “

320 1304 322 1310 ¹
412 1221 572 1291 Honorius
597 1223 779 1308 Episcopus
806 1228 866 1287 etc.
893 1221 1069 1289 karissimo
1087 1221 1118 1286 in
1136 1221 1265 1287 Christo
1280 1221 1347 1287 filio
1363 1270 1371 1285 .
1390 1271 1397 1287 .
1416 1271 1424 1286 .

306 1333 429 1408 illustri
437 1333 520 1415 Regi
531 1330 674 1416 Ungarie
685 1333 824 1398 salutem
836 1337 896 1400 etc.
913 1329 1116 1396 Venerabilis
1128 1331 1228 1398 frater
1238 1335 1348 1396 noster
1365 1377 1374 1394 .
1391 1377 1399 1393 .
1417 1378 1424 1392 .

307 1439 539 1525 strigoniensis
564 1439 842 1526 Arohicpiscopns
868 1438 962 1505 nobis
988 1437 1153 1504 insinuare
1170 1440 1313 1524 curavit,
1339 1439 1426 1522 quod

307 1568 379 1616 cum
395 1547 523 1614 decima
538 1553 675 1632 monete,
694 1566 755 1629 que
773 1543 897 1614 cuditur
913 1545 947 1612 in
957 1545 1153 1612 Oenadiensi
1168 1545 1331 1630 Dioecesi,
1347 1531 1425 1631 ¹per·

306 1656 410 1722 tineat
426 1653 470 1720 ad
486 1654 643 1738 eundem,
668 1649 864 1721 venerabilis
881 1654 981 1720 frater
996 1661 1104 1719 noster
1122 1703 1129 1718 .
1147 1704 1154 1717 .
1172 1703 1180 1718 .
1213 1651 1426 1720 Oenadiensis

307 1763 488 1850 Episcopus
514 1781 571 1848 pro
596 1771 637 1827 e'a
665 1759 727 1827 sibi
753 1761 914 1828 solvenda
929 1761 1060 1829 nostras
1077 1760 1120 1827 ad
1135 1768 1166 1826 te
1183 1763 1311 1829 litteras
1326 1761 1427 1846 impe·

199 1891 206 1897 ·
307 1869 423 1954 travit,
440 1871 540 1936 tacito
566 1863 650 1954 quod
677 1870 803 1936 decima
829 1870 943 1936 eadem
970 1869 1015 1936 ad
1040 1869 1296 1954 strigoniensem
1313 1869 1427 1934 Eccle-

196 2025 198 2032 -
307 1978 390 2044 siam
407 1978 593 2064 pertineret.
625 1977 766 2060 Ideoque
783 1978 976 2044 auctoritate
992 1976 1051 2043 tibi
1066 1979 1264 2064 presentium
1281 1977 1426 2042 declara·

308 2103 397 2162 mus,
415 2085 499 2166 quod
516 2089 623 2151 nostre
641 2085 827 2152 intentionis
844 2105 908 2149 non
924 2082 1002 2168 luit,
1026 2105 1085 2171 per
1100 2083 1282 2150 huiusmodi
1298 2081 1426 2148 litteras

309 2194 390 2293 iuri,
415 2189 523 2276 siquid
548 2193 666 2277 habet,
694 2193 925 2276 Strigouisnsis
942 2193 1089 2258 Ecclesia
1106 2193 1273 2277 derogare.
1305 2191 1427 2256 Datum

311 2298 466 2366 Laterani
481 2299 554 2366 XII.
571 2301 644 2368 Kal.
662 2301 742 2385 Maji
758 2298 982 2386 (Pontificatus
999 2297 1115 2388 nostri)
1132 2321 1218 2367 anno
1235 2301 1357 2384 quinto.

310 2475 372 2548 (111.
388 2475 531 2531 Honorius
543 2474 619 2548 palpa
630 2474 816 2549 Regestdibdl
836 2477 959 2534 Thelser
972 2477 1010 2531 id.
1026 2495 1060 2531 m.
1073 2477 1095 2534 Ι.
1109 2477 1169 2532 ket.
1183 2477 1226 2534 29.
1239 2475 1258 2533 l.
1277 2477 1358 2532 Essa
1377 2433 1426 2547 pd-

309 2564 357 2638 pai
375 2563 479 2622 levelet
496 2562 556 2618 mdc
566 2565 650 2637 Eejer
668 2571 739 2622 tette
758 2583 854 2638 ugyan
866 2567 962 2631 lituae,
976 2565 1042 2629 dea
1054 2566 1131 2622 lrelet
1141 2565 1222 2620 hibuls
1236 2564 1404 2622 litdtelevel
1419 2585 1426 2634 ς

593 2653 612 2706 l.
633 2653 699 2710 Ccd.
719 2653 796 2724 Dipl.
820 2655 870 2708 ΙΙΙ.
887 2654 914 2709 ln.
936 2655 960 2711 1.
977 2660 1002 2708 'r.
1021 2652 1082 2708 347.
1102 2652 1134 2725 l.)

778 2831 789 2840 ¹·
807 2826 992 2839 --n—-d—

300 3239 302 3246 ¹
376 3249 439 3316 III.
457 3241 617 3316 Honorius
625 3249 719 3334 pdpo
734 3269 772 3310 cz
789 3248 919 3334 eqylndze'
932 3249 1005 3314 uros
1020 3247 1161 3336 biscopes
1175 3253 1264 3315 melei
1278 3251 1365 3316 ludat

720 3355 906 3422 intezkedik.
924 3357 1022 3421 1221.

420 3536 580 3603 Honorius
596 3535 779 3621 Episcopus
796 3543 855 3603 etc.
873 3533 1051 3601 venerabili
1067 3535 1160 3602 fratri
1178 3583 1186 3600 .
1202 3584 1209 3600 .
1226 3587 1233 3602 .
1260 3535 1428 3622 Archiepi·

315 3665 411 3732 scopo
428 3646 643 3729 strigoniensi
658 3646 798 3712 salutem
815 3649 875 3710 etc.
903 3643 1083 3710 Tua⁸n0bis
1099 3643 1288 3712 fraternitas
1304 3645 1428 3732 suppli·

316 3754 420 3835 eavit,
445 3761 479 3818 ut
500 3771 571 3818 cum
588 3751 722 3834 quidam
739 3750 859 3817 Prolati
876 3757 909 3818 et
924 3751 1034 3818 clerici
1050 3758 1103 3818 tue
1119 3753 1268 3820 Diocesis
1285 3755 1325 3820 ob
1343 3753 1428 3821 irau-

315 3863 389 3930 dem
403 3859 607 3926 commissam
630 3859 718 3925 eirca
744 3857 930 3924 vicesimam
955 3859 1105 3962 laqueum
1126 3862 1427 3928 excommunicatio-
1464 3945 1465 3950 ἵ

315 3971 365 4036 uis
381 3967 580 4046 incurrerint,
597 3973 629 4032 et
645 3967 777 4049 quidam
794 3985 901 4033 eorum
913 3966 1145 4060 celebraverint
1154 3971 1201 4035 sic
1216 3970 1318 4052 ligati,
1329 3989 1426 4055 super

315 4079 375 4144 hoc
392 4096 501 4144 eorum
516 4075 687 4162 providere
704 4075 803 4142 saluti
818 4083 957 4161 paterna
973 4077 1191 4144 sollicitudine
1208 4077 1425 4162 dignaremur.

316 4187 456 4269 Ideoque
482 4182 676 4252 fraternitati
699 4190 754 4249 lue
777 4205 836 4269 per
860 4186 1051 4270 Apostolica
1076 4187 1198 4269 scripta
1223 4185 1426 4268 mandamus,

317 4301 473 4377 quatenus
488 4293 628 4379 receptis
644 4291 687 4361 ab
703 4293 751 4359 eis
766 4292 838 4376 hiis,
858 4313 920 4377 que
936 4293 978 4360 de
995 4295 1069 4379 ipsa
1084 4295 1241 4361 vicesima
1256 4293 1430 4361 defrauda-

316 4407 406 4485 runt,
431 4403 479 4469 eis
503 4403 573 4469 vice
604 4407 716 4468 nostra
741 4399 930 4467 beneficium
951 4399 1164 4468 absolutionis
1182 4402 1371 4489 impendas,
1395 4407 1428 4465 el

318 4508 488 4592 dispenses
505 4509 666 4592 cumillis,
682 4508 737 4591 qui
752 4507 800 4573 sic
816 4507 910 4590 ligati
926 4507 1133 4578 celebravere
1149 4509 1292 4577 Divinae
1309 4529 1351 4576 ea
1367 4529 1428 4593 que

319 4613 360 4682 ab
376 4615 456 4702 ipsis
471 4617 609 4700 recipies
625 4621 810 4684 servaturus
828 4620 995 4686 succursui
1011 4626 1094 4686 terre
1110 4621 1237 4696 Sancte,
1254 4637 1428 4704 corumque
