3214 5072
542 398 545 406 ,
658 317 842 425 ..⁶14

170 496 342 594 proficisci
352 509 519 595 voluisset,
535 509 707 579 mandavit
722 469 844 580 Abbati
858 513 972 581 Sancti
987 481 1117 582 blariiui
1126 513 1297 602 Raphaeli,

171 616 228 700 qui
244 617 361 685 eodem
377 637 505 704 quoque
520 638 605 686 anno
620 621 654 687 in
669 619 830 689 Abbatem
857 621 963 688 luerat
987 622 1109 690 electus
1126 629 1225 707 atque
1239 627 1294 692 be-

170 722 332 812 nedictus,
349 733 385 793 nt
399 726 522 812 absque
537 727 606 796 ulla
621 726 779 797 dilatione
804 729 864 797 XL
880 731 911 798 ei
925 751 1055 800 mareas
1074 733 1203 818 argenti
1218 751 1294 800 exa-

169 833 380 902 minatissimi
395 837 523 904 mittere
548 857 612 904 non
637 836 790 935 differret.
817 838 881 920 Qui
898 859 970 907 cum
987 840 1087 908 nichil
1112 841 1239 927 argenti
1255 859 1292 908 se

168 941 294 1010 babere
318 943 476 1030 dixisset,
508 945 693 1033 Heynrieus
719 945 836 1016 (lomes
862 946 1002 1018 Ourialis
1032 948 1290 1036 dispensatorem

165 1049 308 1120 Abbatis
324 1053 584 1141 nomineOggua
600 1055 738 1139 accesiri
749 1053 836 1140 lecit,
849 1065 882 1124 et
897 1057 987 1126 illum
1005 1057 1240 1141 comminando,
1256 1061 1293 1122 ut
1423 1093 1425 1100 ,

167 1155 272 1228 iussui
287 1159 389 1246 Regis
406 1159 622 1247 satisfaceret,
638 1163 733 1230 misit.
760 1163 823 1244 Qui
838 1165 994 1233 recedens
1017 1166 1079 1233 ivit
1103 1165 1291 1266 Petronium,

166 1277 202 1338 ei
230 1271 301 1339 illio
331 1291 396 1338 uno
425 1269 537 1357 predio
569 1271 708 1340 ecclesie
723 1271 866 1352 vendito,
883 1273 1035 1361 precium,
1051 1272 1205 1366 videlieet
1220 1271 1285 1340 XX

165 1397 296 1446 marcas
311 1379 393 1466 Regi
409 1380 535 1446 obtulit.
559 1379 637 1446 Post
651 1381 785 1467 paulum
801 1369 877 1448 uero
897 1382 1020 1467 Abbas,
1038 1382 1115 1467 quia
1130 1381 1201 1478 Iter
1217 1400 1323 1466 pre·x
1416 1437 1417 1440 ,
1552 1407 1557 1425 ³

165 1486 274 1554 dictas
289 1507 420 1556 marcas
436 1489 479 1554 ab
496 1489 646 1557 Ecclesia
661 1492 769 1556 mutuo
800 1493 984 1577 acceperat,
995 1489 1169 1574 diligenter
1184 1491 1289 1576 requi·

164 1595 252 1682 sivit,
269 1603 303 1663 et
319 1597 389 1664 viee
405 1596 492 1665 illius
509 1597 578 1664 dati
593 1603 713 1666 terram
729 1596 898 1670 cuiusdam
913 1596 1061 1666 ndornici
1077 1617 1148 1690 cum
1158 1595 1283 1664 dnabns
1312 1609 1314 1614 '
1419 1659 1422 1664 .

165 1698 367 1771 solummodo
384 1705 617 1792 mansionibus,
634 1725 698 1792 que
714 1706 792 1774 ovili
807 1705 980 1780 Ecclesiae
1004 1700 1114 1787 vicina
1142 1703 1284 1773 habeba·

163 1819 224 1898 tur,
240 1809 439 1900 impetrarit,
456 1819 491 1880 'et
505 1835 546 1882 ex
562 1821 717 1901 precepto
737 1814 838 1898 Regis
855 1813 974 1882 (lomes
989 1813 1171 1900 Heynricus
1186 1812 1282 1880 huius

162 1923 211 1988 rei
242 1922 446 2009 prestaldum
471 1923 601 1990 nomine
632 1922 725 1990 Gaba
757 1923 924 1990 constituit
954 1929 1053 2008 atque
1078 1921 1177 1988 dedit.
1202 1921 1283 1988 Post

163 2029 293 2114 aliquos
309 2037 418 2098 autem
434 2029 505 2099 dies
521 2031 681 2114 ndomiei,
707 2029 793 2106 laeto
810 2031 955 2097 inunum
982 2034 1140 2098 conuentu
1157 2028 1199 2096 de
1215 2031 1286 2114 pre·

162 2137 253 2206 dicta
268 2139 405 2207 terrain
421 2137 506 2208 leste
522 2139 636 2208 Sancti
652 2137 753 2225 Regis
770 2141 945 2206 clamorem
966 2137 1135 2230 iacientes,
1153 2145 1233 2204 eam'
1242 2138 1285 2206 ab
1309 2171 1311 2174 ·

161 2247 315 2314 Ecclesia
331 2247 513 2316 distrahere
536 2247 738 2314 laborabant.
763 2246 829 2314 Sed
854 2244 966 2313 Abbas
991 2247 1113 2332 Regem
1138 2243 1230 2330 adiit,
1252 2252 1285 2313 et

161 2357 302 2440 rogarit,
314 2357 411 2424 utrel
432 2375 545 2442 purum
560 2355 702 2443 precium
720 2354 870 2422 Ecclesia
885 2353 1045 2438 redderet,
1061 2353 1115 2420 vel
1130 2351 1214 2438 quod
1229 2351 1283 2420 de

160 2463 267 2548 derat,
283 2463 404 2532 sorcius
428 2465 601 2532 stabiliret.
624 2463 718 2545 Quod
735 2452 767 2530 et
784 2463 901 2531 factum
919 2470 979 2531 est.
1003 2463 1089 2529 Nam
1104 2461 1174 2530 Rex
1189 2459 1283 2536 odom

161 2573 256 2640 nicos
273 2573 425 2659 reppulit,
442 2579 476 2638 et
491 2578 701 2639 memoratam
718 2580 839 2640 terram
854 2591 912 2658 per
932 2589 1047 2638 manus
1063 2567 1198 2651 Odonis,
1222 2568 1281 2636 filii

159 2683 342 2766 Bethleem,
353 2680 500 2748 Ecclesia
509 2688 666 2769 perpetuo
676 2679 908 2766 possidendam
920 2677 1064 2761 tradidit,
1081 2683 1113 2743 et
1129 2675 1279 2744 cendone

158 2789 356 2880 cyrographi
371 2789 465 2857 huius
480 2811 502 2856 a
516 2789 670 2859 Bernaba
684 2789 810 2857 notario
827 2787 1001 2875 conscripti
1018 2793 1050 2852 et
1065 2783 1168 2871 Regio
1184 2786 1278 2870 signo

158 2901 284 2987 signati
298 2897 430 2966 firmiter
446 2896 616 2966 sanceivit.
640 2896 739 2966 Unde
755 2898 783 2964 si
808 2897 946 2984 quilibet
969 2891 1206 2963 modemornm'
1220 2911 1278 2961 seu

158 3009 339 3080 futurorum
354 3005 480 3091 aliquid
495 3005 641 3074 demoliri
667 2991 813 3090 uoluerit,
830 3005 920 3074 mille
935 3001 1229 3085 maledictionibus,
1245 3005 1278 3068 et
1401 3070 1404 3076 ,

159 3119 283 3208 duplici
294 3115 495 3185 contricione
512 3117 700 3184 eternaliter
714 3115 857 3200 feriatur.
880 3113 1013 3180 AMEN.

317 3271 461 3390 iEredetie
480 3335 497 3373 s
514 3313 716 3374 saentmrirtcni
733 3309 884 3383 fdapdtsig
902 3305 1136 3386 lavarcininse„

588 3617 833 3632 ..ao-*nn—
