3214 5072
667 819 671 833 ,
703 776 757 840 Π.

237 951 297 1020 IV.
318 953 437 1018 Hearik
453 955 578 1019 codsza'r
594 953 686 1020 tenete
701 927 809 1020 Aleos
831 928 983 1022 vectrice.
1002 959 1090 1024 1125
1113 961 1215 1028 kdrttl.

280 1131 450 1200 Heinricus
467 1133 530 1200 Dei
545 1135 657 1218 gracia
672 1133 852 1220 Imperator
872 1137 1037 1220 Augustus
1064 1135 1186 1228 A(lmo)
1211 1145 1285 1226 glo-

168 1241 258 1307 rioso
275 1239 368 1318 Daci,
386 1241 490 1308 amico
506 1239 603 1325 fideli,
623 1241 774 1325 quicquid
789 1245 822 1310 in
842 1245 939 1311 amici
963 1245 1134 1314 affectibus
1161 1253 1280 1335 poterit

168 1369 245 1416 esse
261 1349 400 1417 fidelius.
425 1351 504 1416 (lum
520 1352 637 1436 aliquis
652 1354 815 1437 privatum
840 1353 1048 1422 commodum
1074 1378 1167 1426 suurn
1193 1367 1282 1446 post·

169 1461 273 1544 ponit,
292 1467 324 1524 et
340 1461 372 1526 in
389 1461 486 1526 amici
502 1459 694 1529 utilitatibus
711 1461 853 1548 insudat,
870 1485 910 1532 ea
936 1472 986 1532 ost
1015 1465 1106 1532 firma
1133 1469 1284 1535 amicitia.

168 1565 1287 1661 Quamamicitiaebenevolentiam,tenobisimpendissegaudemus,

169 1681 204 1739 et
219 1675 305 1742 sicut
321 1675 442 1759 optimo
458 1673 547 1743 fideli
564 1682 596 1742 ct
611 1677 722 1742 intimo
741 1677 844 1744 amico
861 1663 995 1760 diguam
1010 1679 1119 1747 facere
1136 1691 1280 1750 remune-

167 1784 332 1850 rationem
347 1784 551 1850 intendimus.
575 1785 660 1852 Nam
677 1805 749 1850 cnm
765 1785 868 1852 velles
884 1793 998 1854 eontra
1016 1787 1161 1856 Graecos
1177 1790 1234 1874 ire,
1253 1797 1284 1858 et
1327 1788 1332 1800 '

169 1912 242 1958 curn
258 1893 334 1958 Dux
350 1891 504 1959 Poloniae
521 1899 594 1958 tuus
610 1901 643 1959 et
658 1893 781 1960 amicus
798 1899 831 1960 et
846 1895 1105 1978 consanguineus
1126 1897 1281 1963 auxilinm

169 2007 260 2064 tuum
278 2008 391 2067 contra
407 1998 517 2067 hostes
534 2020 610 2068 snos
636 2007 771 2088 peteret,
797 2009 930 2088 propter
955 2021 1025 2087 nos,
1051 2003 1135 2070 sicut
1162 2005 1285 2072 amicus

168 2105 382 2175 fidelissimus
393 2109 597 2196 remansisti,
623 2119 657 2174 ut
688 2111 808 2176 nostris
823 2109 963 2177 inimicis
993 2112 1161 2196 resistens,
1193 2119 1284 2178 tuum

169 2217 371 2284 commodum
388 2239 446 2303 pro
463 2215 563 2284 nihilo
581 2225 790 2303 computans,
821 2219 1043 2286 tantummodo
1074 2227 1108 2286 vt
1139 2227 1284 2287 nostram

168 2346 304 2392 causam
329 2324 547 2410 promovendo
574 2325 759 2410 adjuvares.
793 2325 877 2404 Quid
901 2326 997 2409 igitur
1021 2333 1132 2412 restat,
1157 2329 1222 2394 nisi
1249 2335 1285 2394 ut

169 2415 408 2504 maximas‘tibi
432 2440 543 2520 gpates
567 2434 747 2502 reserentes
778 2435 860 2501 siout
890 2442 1000 2502 nostro
1031 2438 1153 2523 optimo
1183 2436 1281 2516 fideli,

166 2545 254 2610 votis
270 2543 418 2609 omnibus
448 2549 650 2629 exoptemus,
668 2563 739 2609 earn
754 2543 850 2608 nobis
876 2543 947 2610 dari
973 2545 1189 2628 occasionem,
1216 2565 1281 2628 qua

164 2651 227 2717 tibi
258 2651 481 2734 amantissime
512 2651 768 2730 vicissitudinem
799 2653 949 2718 meritam
988 2652 1213 2737 rependamus.
1240 2655 1308 2724 nt,
1350 2715 1357 2736 ,

169 2763 254 2826 sicut
268 2761 303 2825 in
318 2779 379 2825 nos
396 2759 479 2825 bono
495 2779 573 2826 usus
589 2769 627 2826 es·
649 2759 820 2844 principio,
845 2761 891 2824 ita
912 2779 1066 2844 rogamus
1081 2759 1283 2828 dulcedinem

167 2869 352 2936 dilectionis
368 2877 432 2953 tue,
447 2875 483 2934 ut
507 2887 708 2954 perseveres,
726 2875 758 2934 et
775 2866 898 2954 deleas,
915 2874 947 2934 et
971 2870 1142 2935 conculces
1167 2869 1282 2937 aduer-

167 2979 276 3046 sarios
292 2983 426 3062 nostros,
446 2997 506 3043 neo
531 2995 648 3064 parcas
665 2977 725 3059 els;
755 2975 858 3042 donec
889 2997 930 3042 ex
960 2983 1025 3048 toto
1058 2983 1274 3046 conterantur.

166 3087 255 3153 Nam
286 3107 349 3154 nos
379 3087 478 3154 simili
508 3085 613 3166 modo,
646 3087 728 3152 sicut
759 3092 831 3153 tuos
848 3085 971 3152 amicos
988 3087 1222 3174 amplectimur,
1237 3089 1284 3154 ita

168 3197 311 3264 inimicis
328 3197 392 3261 tuis
409 3196 527 3262 erimus
545 3191 748 3261 infestissimi
767 3194 899 3278 inimici,
917 3199 950 3260 et
965 3194 1089 3280 foedus,
1107 3195 1282 3279 quodcum

168 3313 261 3390 patre
276 3309 332 3370 tuo
348 3303 508 3382 inivimus,
525 3301 567 3368 ab
580 3302 644 3368 hac
659 3303 712 3368 die
728 3304 761 3368 in
778 3310 875 3369 antea
885 3303 1031 3369 volumus
1046 3303 1105 3370 tibi
1120 3305 1283 3370 illibatum

171 3429 306 3479 servare
323 3411 408 3476 omni
425 3415 570 3495 tempore
585 3406 674 3476 vitae
689 3411 1006 3494 nostraeRogamus
1028 3410 1138 3492 itaque
1154 3419 1197 3494 tc,
1214 3415 1282 3496 glo·

168 3523 361 3604 riosissime,
377 3525 412 3585 vt
427 3525 458 3584 te
473 3517 709 3586 interveniente
726 3518 826 3584 frater
842 3525 916 3584 tuus
934 3516 1042 3584 futura
1059 3537 1159 3605 opera
1175 3539 1283 3586 eman·

168 3607 234 3714 det,
260 3629 290 3694 si
316 3627 395 3712 quid
419 3627 574 3694 hactenus
599 3631 733 3714 propter
764 3645 840 3693 suas
870 3628 1084 3694 necessitates
1117 3627 1151 3694 in
1181 3645 1283 3694 causa

169 3746 284 3806 nostra
300 3737 517 3823 negligentius
544 3736 622 3823 egit,
650 3743 684 3803 et
710 3735 786 3818 quia
809 3736 935 3803 victrici
961 3737 1097 3804 dextera
1123 3755 1201 3805 suas
1226 3759 1282 3805 an·
1353 3773 1355 3778 ·

169 3847 294 3930 gnstias
311 3844 515 3932 recuperavit
530 3845 573 3910 ad
588 3849 716 3910 nostras
746 3843 890 3928 injurias,
904 3845 1001 3915 ,sicut
1024 3841 1130 3911 fidelis
1155 3847 1281 3914 amicus
1388 3909 1390 3914 .

170 3955 339 4040 respiciat.
364 3955 449 4019 Nam
465 3951 541 4036 quia
559 3971 595 4019 se
612 3971 682 4018 cum
697 3951 861 4036 praesidio
877 3954 910 4018 in
935 3951 1011 4020 illas
1035 3960 1144 4038 partes
1169 3961 1277 4020 eontu-

169 4061 219 4146 lit,
236 4061 291 4128 ubi
308 4060 429 4126 inimici
439 4058 541 4126 nostri
551 4065 725 4144 morantur,
736 4064 768 4124 et
782 4060 868 4128 bona
881 4061 1024 4144 ipsorum
1033 4061 1099 4128 sita
1109 4067 1191 4145 sunt,
1202 4081 1278 4132 cccc

173 4171 279 4252 locus,
296 4187 373 4233 ecce
390 4167 528 4250 occasio,
545 4185 609 4249 qua
625 4171 657 4230 et
672 4165 812 4233 inimicis
822 4169 942 4234 nostris
951 4188 1078 4246 nocere,
1096 4175 1129 4235 et
1144 4169 1207 4236 sibi
1222 4187 1282 4236 nos

167 4277 292 4364 poterit
308 4274 522 4340 amicissimos
539 4293 736 4358 comparare.
763 4273 812 4338 Tu
828 4293 915 4358 ergo,
941 4271 1088 4352 Domine,
1113 4275 1147 4342 id
1177 4275 1282 4346 modia

169 4383 331 4468 omnibus,
349 4384 465 4468 quibus
481 4383 583 4465 vales,
599 4379 693 4448 fratri
708 4389 763 4449 tuo
774 4383 947 4468 persuade,
962 4392 997 4450 vt
1010 4385 1050 4452 N.
1067 4405 1130 4451 non
1147 4383 1282 4473 Ducem,

168 4494 232 4561 sed
244 4492 418 4579 judiciario
434 4491 547 4559 ordine
573 4491 793 4576 abjudicatum
816 4501 1041 4578 prosequatur,
1067 4501 1100 4560 et
1124 4493 1158 4560 in
1183 4496 1282 4563 omni-

167 4601 234 4670 bus
250 4602 281 4669 ei
297 4600 497 4688 adversetur,
514 4600 598 4667 sicut
614 4599 822 4698 infestissimo
837 4601 924 4668 hosti
948 4585 1069 4669 nostro.
1091 4601 1282 4688 Quicunque
