3214 5072
642 361 799 464 L

159 541 267 651 teram
290 561 324 628 X
340 568 373 628 et
388 559 466 628 VIII
488 551 703 626 denariorum.
727 560 869 638 Quorum
885 557 1014 624 nomina
1028 556 1089 624 heo
1105 561 1188 624 sunt:
1207 559 1274 624 Du·

138 689 228 756 'sug
242 669 339 753 Itlbu,
357 670 449 754 Eoul,
466 667 547 752 Edu,
565 667 694 752 (lunen,
710 668 805 750 Boia,
821 667 931 750 Attun,
949 666 1056 751 Dursi,
1073 665 1194 750 Aruad,
1210 665 1277 734 Ka·
1309 660 1312 672 ¹

160 801 227 865 aar,
251 781 367 864 Busan,
397 781 523 862 Petrus,
554 779 677 862 Ranae,
708 776 857 861 Nedilea,
888 777 995 863 Lusa3
1019 775 1174 844 vinitores
1199 796 1277 844 uero

157 889 213 955 isti
228 895 321 955 sunt:
345 887 487 971 Emisoa,
504 885 620 972 Beuid‚
636 885 740 970 Wete,
759 905 831 952 eum
846 886 951 952 uineis
968 886 1045 951 suis.
1071 883 1229 951 Similiter
1244 890 1278 950 et

157 1000 265 1064 altera
279 995 452 1081 (lemanna,
468 1013 564 1078 quam
580 995 776 1078 Peregrinus
792 992 890 1075 dedit,
907 993 941 1059 hi
957 999 1033 1059 sunt
1057 991 1099 1058 de
1124 993 1278 1060 seruitute

159 1104 300 1190 liberati,
317 1107 373 1190 qui
389 1125 531 1172 annuum
546 1102 705 1171 iratribus
722 1103 834 1171 Sancti
851 1101 999 1170 Maurieii
1022 1103 1209 1198 persoluere
1223 1099 1277 1168 'de-

158 1215 237 1281 bent
251 1215 415 1299 tribulum,
429 1213 491 1280 hoe
509 1221 559 1280 est
573 1213 633 1280 bos
650 1215 677 1296 I,
693 1214 784 1299 porei
799 1211 909 1296 magni
925 1213 966 1294 H,
984 1231 1062 1276 oves
1077 1213 1118 1295 H,
1145 1210 1279 1298 percelli

157 1321 190 1388 X
203 1341 263 1388 seu
277 1321 410 1403 totidem
427 1341 572 1406 anseres,
589 1322 711 1406 galline
726 1321 801 1402 XX,
828 1319 920 1414 ydrle
940 1319 1043 1402 brasij
1069 1319 1203 1403 LXXX,
1231 1317 1278 1384 fa-

158 1429 228 1496 rine
239 1427 313 1496 XL.
338 1427 483 1508 Quorum
498 1429 631 1522 nomina
645 1428 714 1502 ¹hee
739 1435 813 1494 sunt
837 1426 974 1510 Damas,
1002 1428 1189 1514 Gregorius,
1213 1425 1278 1492 De·

157 1531 252 1618 trieh,
268 1538 350 1620 Bau,
367 1537 539 1620 Budumer,
560 1537 714 1620 salman,
740 1535 841 1620 Haud,
867 1536 993 1621 Osepel,
1019 1535 1169 1618 Michael,
1195 1535 1278 1630 Wie.

158 1645 228 1713 lieo
244 1649 322 1713 sunt
336 1645 465 1712 nomina
480 1665 657 1730 seruorum,
674 1645 728 1728 qui
748 1643 818 1711 dati
834 1651 907 1712 sunt
934 1663 1004 1710 eum
1032 1645 1137 1711 tribus
1161 1645 1277 1724 uineis:

157 1752 253 1840 neos,
270 1753 371 1835 Rara,
388 1753 514 1839 Holrip‚
529 1751 638 1835 Udrie,
654 1753 733 1837 Iloz,
749 1752 898 1833 Miohael,
910 1750 1080 1836 Odulman,
1092 1752 1275 1836 Seemeteu,

157 1861 238 1947 Zau,
270 1861 355 1946 Voll,
370 1861 513 1929 Emisou.
537 1863 597 1928 Isti
613 1863 718 1928 eeiam
735 1861 855 1944 singuli
880 1859 1025 1945 singulas
1052 1880 1129 1926 oves
1157 1859 1277 1927 debent

156 1967 258 2035 dare.¹
273 1969 354 2036 Sunt
368 1976 401 2034 et
415 1969 449 2034 in
465 1967 581 2036 eadem
597 1968 687 2051 uilla,
704 1967 759 2050 qui
776 1987 846 2033 eum
861 1967 1012 2034 libertate
1028 1969 1183 2052 seruiunt,
1201 1989 1276 2054 quo·
1353 2009 1358 2016 -

156 2097 226 2143 rum
241 2073 374 2142 nomina
388 2075 450 2143 hee
466 2081 560 2142 sunt:
584 2073 720 2158 Tumud,
745 2070 861 2158 Tarsa,
880 2073 976 2158 Coeo,
994 2081 1026 2144 et
1040 2095 1123 2142 unus
1150 2077 1278 2141 nubieu-

156 2185 259 2251 larius
274 2181 404 2250 nomine
420 2180 575 2250 Sumbud.
598 2179 748 2249 Predium
766 2182 858 2268 Plan,
884 2181 971 2268 quod
989 2182 1079 2250 dedit
1103 2183 1276 2251 Fuloumar

157 2292 272 2360 Comes
288 2282 409 2358 Sancto
426 2290 583 2358 lllaurielo
601 2309 671 2357 eum
688 2291 813 2357 duobus
830 2293 949 2360 aratris
967 2300 1000 2358 et
1025 2293 1088 2360 VII
1111 2292 1276 2360 indomitis

157 2399 259 2484 equis,
277 2404 415 2498 quatuor
429 2397 615 2464 mansiones
632 2417 703 2463 num
728 2396 872 2482 familiis,
901 2419 1035 2482 quorum
1061 2403 1193 2468 nomina
1217 2401 1277 2468 hee

157 2515 240 2575 sunt·
257 2507 393 2573 Beretes
411 2525 482 2571 eum
498 2503 632 2592 filiosuo
644 2507 764 2590 Sunad;
782 2508 858 2574 Som
875 2527 947 2575 oum
963 2510 1066 2575 tribus
1079 2509 1165 2596 filijs,
1177 2509 1211 2574 id
1228 2513 1279 2575 est

157 2613 285 2698 Comus,
300 2615 407 2696 Huna,
426 2613 566 2699 Quisid3
607 2613 686 2698 (lim,
725 2616 806 2681 Roa.
825 2617 926 2702 Cujus
943 2618 1047 2703 predii
1066 2617 1145 2684 talis
1161 2623 1212 2683 est
1237 2617 1278 2684 si-

156 2731 217 2808 tus,
234 2729 271 2789 ut
285 2723 326 2788 de
342 2723 428 2790 silua
466 2723 593 2788 Xeurus
632 2723 800 2810 incipiens,
840 2724 956 2791 transit
981 2725 1024 2790 ad
1049 2727 1279 2813 sepulchrum

156 2831 233 2898 inde
244 2829 408 2914 aseendit,
425 2837 458 2896 et
477 2827 646 2897 deseendit
662 2829 705 2896 ad
720 2833 838 2898 molam
855 2833 948 2920 Surt;
966 2832 1084 2900 deinde
1101 2835 1145 2901 ad
1161 2833 1277 2901 siluam

156 2941 376 3025 leprosorum
407 2943 439 3003 et
459 2935 576 3028 deinde
592 2939 755 3038 transiens
770 2957 829 3026 per
845 2939 956 3025 Egrng
971 2942 1157 3009 extenditur
1173 2963 1277 3029 usque

156 3047 199 3113 ad
214 3053 361 3132 putenm,
378 3053 411 3112 et
427 3043 597 3113 deseendit
615 3045 658 3111 ad
674 3047 803 3114 foueam
822 3051 938 3134 vulpis,
964 3050 1076 3135 sieque
1101 3052 1274 3118 reuertitur

157 3155 201 3222 ad
215 3153 397 3240 predictum
413 3155 519 3220 looum
534 3153 649 3220 Keurs.
673 3154 756 3220 Item
771 3155 861 3224 aliud
880 3157 1029 3242 predium
1044 3161 1190 3226 Merethe
1207 3181 1278 3228 oum

156 3283 219 3331 uno
236 3271 358 3348 aratro,
375 3269 407 3328 et
423 3263 551 3330 duabus
568 3263 796 3359 mansionibus,
814 3285 949 3349 quorum
964 3265 1096 3332 nomina
1111 3268 1173 3335 hoo
1189 3276 1277 3335 sunt:

156 3369 323 3455 Ilioolaus,
340 3376 372 3436 et
387 3371 471 3440 alter
485 3369 630 3456 Vendeg.
656 3371 754 3438 Cuius
770 3371 876 3458 predii
901 3380 985 3439 terre
1009 3376 1050 3440 ab
1075 3375 1193 3442 arbore
1217 3373 1281 3460 piri

158 3499 290 3547 sumens
305 3479 437 3545 inicium
452 3481 568 3546 transit
584 3480 627 3547 ad
642 3500 795 3566 magnam
820 3480 925 3564 uiam;
949 3487 983 3546 et
997 3481 1073 3546 inde
1088 3481 1278 3570 adruanag

156 3607 256 3671 aquo
273 3605 384 3654 rursus
399 3587 534 3653 ueniens
551 3586 593 3654 ad
618 3588 761 3672 ruenni
786 3588 912 3674 positus
939 3595 990 3657 est
1015 3609 1155 3676 magnus
1181 3591 1277 3676 lapis,
1386 3599 1389 3606 '

159 3697 200 3764 ab
216 3697 274 3766 illo
290 3697 461 3762 reuertitur
487 3696 541 3783 ad,
554 3697 731 3782 predictum
756 3699 869 3764 lotum.
894 3701 977 3765 Item
1006 3700 1081 3768 dedi
1105 3701 1139 3768 in
1157 3702 1278 3789 'Heney
1299 3741 1383 3765 ...-

156 3825 215 3871 sex
232 3807 347 3874 uineas
365 3825 437 3872 eum
454 3805 597 3890 quinque*
610 3807 810 3890 uinitoribus‚
827 3827 959 3892 quorum
971 3809 1101 3876 nomina
1111 3811 1171 3877 heo
1182 3819 1275 3878 sunt:

157 3917 236 3983 Atta
253 3935 326 3981 eum
341 3915 419 4000 lilio,
434 3915 548 3998 stega,
565 3915 706 4000 Furnod,
722 3915 816 4000 Uadi,
831 3916 951 3985 Lusad.
975 3921 1059 3986 Item
1079 3915 1156 3988 dedi
1179 3940 1278 3987 unam

159 4023 317 4092 cortinam
333 4023 375 4090 de
388 4021 493 4108 pallio
529 4023 818 4093 circumlimbatam
852 4046 923 4094 enm
948 4027 1057 4114 biss0;
1082 4036 1114 4094 et
1138 4026 1278 4094 alteram

157 4127 1275 4233 cortinam-seeundum'''mensale“dodtextam5.et,uwlspstum,

156 4239 443 4326 arduosoyphos·
469 4231 620 4315 debono
646 4244 816 4310 mazelino.
840 4245 911 4311 Hae
943 4241 1275 4314 autemmoutue'n‘t'a‘

129 4345 133 4356 '
158 4337 368 4416 monasterio
384 4341 567 4442 'retinenda
591 4345 706 4435 ”atque
739 4353 902 4419 seruanda
936 4361 1038 4438 sunt;
1069 4361 1143 4442 post
1167 4376 1274 4423 meum

157 4477 234 4526 uero
250 4458 374 4525 obitum
391 4459 528 4526 eoelesie
543 4461 610 4526 iam
627 4461 809 4547 supradicte
834 4461 945 4530 danda
962 4471 993 4528 et
1010 4463 1175 4533 offerenda
1199 4474 1274 4535 sunt

110 4627 114 4644 ,
159 4567 275 4633 omnia.
300 4566 343 4632 Et
355 4573 528 4652 postquam
544 4587 606 4653 ego
622 4569 664 4636 ab
679 4567 742 4636 hoe
756 4571 867 4637 seculo
883 4571 1082 4638 ante'meam
1097 4545 1271 4661 eoniug'em

160 4672 350 4762 migrauerd,
368 4677 428 4744 lroe
443 4676 486 4742 ab
500 4696 540 4743 ea
555 4677 693 4762 quesiui,
711 4685 745 4746 ut
761 4678 817 4746 ubi
832 4698 903 4764 ego,
929 4678 1008 4748 illue
1033 4689 1067 4748 et
1090 4683 1150 4749 illa
1175 4703 1266 4772 sepe·

351 4799 354 4804 r
1077 4790 1118 4860 5,
