3214 5072
81 1031 82 1036 ’
124 1019 183 1100 ΠΙ.
209 1033 317 1101 &oca
325 1039 419 1124 pdpa
433 999 608 1124 medullati
629 1059 651 1098 a
672 1035 936 1102 Paaaoulradmda
952 1036 1020 1102 decli
1032 1005 1263 1130 ozeatfradrtoua'

470 1141 669 1248 aputadpaulc
684 1145 802 1230 joquit.
827 1144 926 1208 1187.
1167 1154 1168 1158 ’

248 1319 398 1389 Urbanus
414 1301 598 1408 Episcopus
614 1339 728 1390 seruus
758 1339 922 1389 seruorum
940 1320 1002 1387 Dei
1027 1320 1155 1389 dilectis
1183 1320 1261 1388 liliis
1382 1377 1385 1382 ,

140 1425 247 1494 Simili
269 1427 393 1495 Abbati
416 1427 607 1496 Monastcrii
632 1429 744 1496 Sancti
773 1429 905 1496 Martini
929 1447 1029 1515 supra
1053 1429 1257 1496 Pannoniam

141 1533 206 1616 sili,
224 1533 356 1618 eiusque
374 1533 528 1603 iratribus
544 1543 611 1603 tam
634 1536 839 1628 presentibus
865 1555 963 1621 quam
988 1536 1106 1605 luroris
1131 1539 1259 1622 regula-

141 1663 209 1710 rem
226 1643 328 1710 uitam
366 1645 529 1731 professis,
562 1645 596 1710 in
633 1641 837 1730 perpetuum.
858 1645 1018 1712 Effectum
1042 1648 1129 1713 iusta
1153 1650 1261 1732 postu-

141 1750 284 1818 lantibus
300 1749 482 1837 indulgere,
499 1761 537 1822 et.
545 1755 638 1836 uigor
653 1750 807 1835 equitatis
823 1757 857 1818 ct
880 1752 958 1819 ordo
985 1752 1090 1844 exigit
1111 1751 1258 1834 rationis,
1304 1779 1307 1786 ·

140 1858 311 1944 presertim
327 1860 456 1942 quando
472 1859 651 1946 potentium
667 1861 865 1926 uoluntatem
878 1869 914 1926 et
930 1861 1036 1945 pietas
1052 1857 1200 1943 adiuuat,
1222 1870 1255 1924 ct
1386 1911 1389 1918 .

140 1967 265 2033 ueritas
280 1985 347 2032 non
363 1965 526 2050 relinquit.
549 1967 768 2054 Quapropter,
785 1968 896 2034 dilecti
912 1969 946 2034 iu
960 1967 1100 2035 Domino
1116 1967 1184 2050 tilii,
1202 1985 1259 2033 ue·
1285 1957 1294 2026 '.

139 2073 215 2140 stris
231 2074 618 2158 instispostnlatiouibus
639 2075 817 2142 clementer
840 2077 1014 2143 annuimus
1039 2083 1073 2144 et
1096 2075 1259 2162 prelatum

140 2182 372 2250 monasterinm
388 2183 501 2249 Sancti
517 2183 650 2250 Martini
665 2185 698 2248 iu
715 2189 823 2250 moute
839 2203 939 2269 supra
962 2173 1166 2250 Pannoniam
1191 2183 1258 2262 siti,

140 2292 172 2356 in
186 2271 252 2372 quo
268 2287 390 2356 Diuino
415 2291 495 2357 estis
520 2289 677 2374 obsequio
703 2292 892 2377 mancipati,
916 2292 976 2358 sub
992 2289 1088 2358 Beati
1112 2291 1202 2358 Petri
1227 2298 1261 2357 ct

139 2405 287 2464 nostram
302 2399 536 2482 protectionem
553 2398 760 2485 suscipimus,
777 2407 809 2466 et
832 2401 995 2484 presentis
1021 2389 1150 2484 scriptis
1161 2397 1259 2484 priui-

139 2506 225 2590 legio
261 2507 505 2574 communimus.
529 2505 679 2602 Inprimis
700 2505 858 2591 siqnidem
883 2514 1077 2591 statuentes,
1118 2513 1152 2572 ut
1178 2507 1258 2574 ordo

139 2613 349 2698 monasticus,
379 2615 434 2698 qui
458 2615 635 2680 secundnm
651 2613 826 2688 Dominum
842 2623 882 2682 et
895 2617 991 2683 Beati
1015 2613 1185 2682 Benedicti
1211 2635 1262 2682 re,

139 2721 249 2805 gulam
264 2721 299 2786 in
315 2723 429 2790 eodem
445 2721 643 2788 monasterio
658 2720 824 2817 institutus
841 2741 915 2788 csse
936 2723 1127 2804 dinoscitur,
1145 2735 1253 2808 perpe
1356 2793 1358 2798 ,

139 2829 204 2894 tuis
220 2828 351 2895 ibidem
382 2829 580 2916 temporibus
612 2828 846 2896 inuiolabiliter
866 2823 1077 2897 ‘obseruatus
1102 2829 1258 2897 Preterca

140 2955 349 3022 quascunque
365 2937 603 3022 possessiones,
615 2957 809 3026 quecunque
824 2937 910 3005 bona
926 2937 1014 3005 idem
1029 2944 1258 3005 monasterium

139 3046 426 3131 inpresentiarum
442 3047 527 3114 inste
555 3053 589 3113 et
613 3045 768 3115 canonice
792 3048 950 3134 possidet,
976 3055 1032 3113 aut
1057 3046 1090 3112 iu
1117 3047 1258 3115 laturum

139 3154 351 3222 concessione
381 3153 591 3239 Pontificum,
623 3155 797 3238 largitione
826 3157 950 3240 Regum
976 3155 1029 3220 nel
1062 3149 1255 3240 Principum,

140 3261 309 3329 oblatione
322 3261 477 3345 fidelium,
494 3282 552 3330 sen
576 3263 652 3330 aliis
676 3263 770 3330 iustis
795 3263 900 3330 modis
924 3267 1093 3348 prestante
1117 3247 1256 3336 Domino

139 3371 260 3455 poterit
272 3371 420 3456 adipisci,
437 3369 531 3438 firma
546 3371 639 3438 vobis
670 3373 853 3456 vestrisque
878 3370 1120 3436 successoribus
1144 3377 1177 3436 et
1191 3371 1254 3439 illi-

138 3478 218 3545 bata
232 3485 456 3564 permaneant.
467 3480 505 3545 ln
521 3478 638 3562 quibus
655 3479 715 3545 hec
731 3477 871 3562 propriis
885 3475 1033 3544 dommus
1043 3477 1255 3564 exprimenda
1299 3547 1303 3554 ,

138 3587 320 3654 uocabulis.
336 3588 457 3654 Locum
473 3587 590 3672 ipsum,
604 3587 639 3652 in
655 3605 719 3670 quo
734 3585 894 3672 prelatum
910 3585 1253 3654 monasterium‘situm

142 3701 204 3779 est,
220 3687 294 3761 cunr
311 3695 460 3762 omnibus
470 3679 676 3781 pertinentiis
687 3695 763 3762 suis.
773 3696 811 3760 ln
825 3695 1016 3781 Episcopatu
1039 3694 1255 3782 Vcspru‘ma'casi
1363 3731 1366 3738 ·

139 3801 315 3869 ecclesiam
343 3803 457 3868 Sancti
490 3802 621 3870 Martini
646 3801 679 3868 in
708 3801 788 3869 uilla
812 3801 1013 3888 Keurushijg
1037 3801 1253 3869 constitutam.

140 3910 177 3974 ln
196 3909 277 3976 uilla
293 3909 395 3976 Tardi
418 3909 593 3978 ecclesiam
617 3908 749 3977 Domini
773 3907 962 3996 saluatoris.
986 3911 1023 3980 In
1047 3909 1128 3976 uilla
1150 3909 1255 3994 Tepei
1294 3985 1299 3994 ,

141 4017 316 4085 ecclesiam
332 4017 453 4086 Sancte
469 4017 583 4101 llario,
599 4035 670 4084 cum
695 4018 857 4084 uniuersis
883 4017 1088 4102 pertinentiis
1113 3999 1254 4082 suis;In

140 4125 331 4212 Episcopatu
353 4124 520 4190 Goumara·
544 4124 718 4192 ecclesiam
743 4125 857 4192 Sancti
880 4123 1012 4192 Martini
1036 4125 1070 4190 in
1093 4125 1252 4210 Sabaria,

139 4239 172 4298 ct
187 4233 363 4300 ecclesiam
393 4233 505 4300 Sancti
521 4233 700 4320 Wilibaldi,
727 4233 899 4319 ecclesiam
925 4233 1045 4299 Sancte
1069 4232 1172 4298 Mario
1200 4251 1254 4298 ca·

138 4343 243 4428 pelle3
268 4342 447 4408 ecclesiam
464 4343 584 4410 Sancte
613 4342 718 4408 Mario
742 4340 776 4406 in
801 4339 917 4425 Pijnig,
943 4339 1115 4405 ecclesiam
1140 4341 1254 4430 Sancti

139 4448 308 4516 Adalberti
323 4449 356 4514 in
371 4450 453 4516 uilla
467 4449 615 4534 Vossian,
633 4467 705 4516 curu
730 4450 878 4516 omnibus
903 4465 1017 4513 earum-
1037 4447 1252 4534 pcrtinentiis.
1368 4511 1370 4517 ,

140 4558 177 4622 ln
202 4554 483 4644 Arcliqriacopatu
506 4557 715 4642 duapouieua'
738 4555 912 4624 ecclesiam
945 4553 1067 4622 Sancte
1090 4555 1194 4623 Maria
1218 4558 1252 4622 iu

141 4662 236 4750 Wag,
254 4684 328 4732 cum
341 4664 491 4734 omnibus
505 4663 711 4756 pertinentiis
737 4667 825 4748 suis;
848 4661 1025 4730 oratorium
1045 4653 1083 4730 'in
1102 4665 1182 4732 uilla
1197 4683 1250 4730 cn·
