3214 5066
644 309 802 414 ..1.⁷.1..

167 506 252 592 nias,
266 523 331 590 que
343 503 386 572 cd
396 503 498 576 lerin
514 507 629 592 terunt,
644 509 740 596 signu
755 509 887 578 metalla
901 517 934 579 et
948 510 1074 580 fossata
1088 533 1147 600 pro
1162 513 1277 584 eadem

167 615 318 682 Ecclesia
332 615 523 703 Feyregbaa
538 618 767 704 terminarent5
783 625 817 686 et
831 624 952 688 terram
966 621 1075 688 taliter
1089 632 1276 710 separatam

165 719 287 790 Abbati
297 731 329 790 et
340 721 488 792 Ecclesia
505 745 563 794 sue
578 727 648 792 iure
664 733 819 814 perpetuo
834 728 1033 812 reliquerunt
1047 730 1276 815 possidendam

164 830 330 900 mediante
353 825 520 919 prestaldo
544 833 628 900 inter
653 855 709 903 eos
735 834 887 903 Poznano
912 835 1094 924 degenere
1118 837 1198 908 Zak.
1233 840 1275 905 vt

165 951 244 1024 ergo
260 939 355 1008 buius
372 942 418 1006 rei
434 942 536 1016 series
552 943 647 1010 robur
662 952 817 1032 perpetue
833 944 994 1014 firmitatis
1019 947 1178 1031 obtineat,
1203 957 1274 1035 pr'e-

164 1053 275 1116 sentes
290 1048 416 1115 litteras
432 1053 649 1121 concessimus
665 1054 765 1140 sigilli
777 1056 882 1138 nostri
898 1055 1072 1144 munimine
1094 1057 1273 1132 roboratas.

164 1155 258 1224 Anno
274 1158 318 1224 ab
333 1160 566 1228 Incurnacione
581 1162 712 1230 Domini
723 1161 929 1251 ¹ll⁰OG⁰XX⁰¹
948 1163 1102 1250 Magistro
1112 1167 1275 1236 Demetrio

163 1267 300 1334 Lectore
316 1269 464 1338 Ecclesie
479 1277 589 1340 nostre
605 1271 791 1342 exsistente.

325 1443 468 1542 (Eredctic
481 1465 498 1503 a
509 1447 725 1508 suant-mdrtcni
737 1415 891 1523 fsspstrog
903 1447 1122 1522 levoltorsbsn.)

588 1731 852 1744 ————--

683 2010 741 2076 ab:

97 2191 101 2200 '
161 2193 206 2258 Il.
223 2191 333 2257 Badra
347 2189 456 2280 lsroty
469 2189 714 2278 prioileyiamc,
740 2189 884 2278 melylyel
898 2211 919 2253 a
928 2189 1162 2278 pcaaoabalmc'
1179 2201 1275 2258 azene-
1331 2229 1336 2256 ι,
1380 2263 1389 2286 κ
1423 2257 1427 2270 ,

161 2301 297 2366 moneri
311 2299 510 2388 apdtsdyaok
526 2283 604 2363 (ilco
611 2349 620 2382 ‚
646 2299 824 2382 Bdrsocos,
849 2295 974 2382 scotor,
990 2273 1052 2362 lies
1061 2349 1070 2384 ‚
1088 2298 1206 2364 Gamaa
1219 2301 1275 2367 seb.

319 2406 534 2494 helyseyekbett
543 2405 644 2490 fekob'
659 2406 794 2471 br'rtokdt
809 2407 992 2493 meyerbsitc‘.
1019 2409 1116 2472 1221.
1163 2477 1166 2485 ¹
1391 2394 1393 2420 ξ

266 2585 304 2652 In
320 2587 449 2653 nomine
465 2585 583 2654 Sancte
597 2583 766 2652 Trinitatis
783 2591 815 2652 et
830 2583 1000 2652 Indiuidue
1017 2585 1169 2654 Unitatis.
1197 2589 1266 2658 Nos
1363 2592 1375 2665 ,’

160 2691 309 2760 Andreas
336 2695 398 2760 Dei
423 2693 534 2777 gracia
558 2693 744 2776 Hungarie,
770 2693 960 2778 Dalmacie,
989 2693 1145 2776 Oroacie,
1161 2695 1274 2774 Reme,

160 2805 284 2888 Seruie,
303 2801 438 2878 (laticis,
454 2800 689 2886 Lodomeriqne
705 2802 777 2868 Rex
793 2803 1024 2888 inperpetuum.
1055 2803 1156 2890 Regio
1180 2807 1274 2873 Sere·
1336 2807 1338 2814 ‘

159 2911 272 2981 nitatis
297 2909 434 2996 prouida
460 2909 709 2993 circumspeceio
730 2907 814 2976 sicut
829 2909 861 2974 in
880 2905 1085 2978 conserendis
1109 2910 1275 2980 beneficiis

83 3063 88 3076 ·
158 3042 217 3107 pro
234 3011 420 3087 meritorum
436 3018 604 3104 exigentia
619 3019 758 3104 singulis
775 3038 811 3084 se
828 3017 926 3084 debet
942 3037 1039 3090 manu
1054 3017 1148 3106 larga
1158 3021 1274 3090 libera·

159 3130 235 3196 liter
250 3127 413 3212 exhibere,
431 3128 478 3194 ita
493 3127 616 3213 pariter
631 3125 674 3192 ad
690 3125 878 3192 collatorum
895 3128 1171 3196 conseruationem
1186 3137 1274 3199 tene·

160 3245 211 3303 tnr
226 3256 294 3304 non
309 3237 419 3322 inpari
437 3233 663 3302 sollicitudinis
679 3232 784 3300 studio
809 3233 972 3320 uigilare,
997 3242 1033 3301 ut
1048 3243 1080 3302 et
1096 3238 1150 3319 qni
1165 3247 1274 3306 eontu-

158 3347 195 3412 lit
211 3345 312 3412 faciat
327 3343 466 3428 pacifice
482 3343 663 3430 possideri,
689 3350 721 3410 et
737 3342 890 3425 quidquid
906 3344 1040 3426 quilibet
1054 3342 1182 3412 Christo
1198 3346 1274 3414 tide·

158 3455 237 3521 num
264 3472 304 3519 ex
329 3452 425 3518 nonis
448 3433 522 3520 suri
535 3453 694 3534 quosne
709 3451 793 3518 runco
809 3451 901 3521 titulo
918 3451 1087 3536 acquisitis
1102 3451 1275 3522 salubriter

159 3561 367 3648 disposuerit,
378 3561 447 3628 sine
457 3562 490 3628 in
502 3559 623 3628 ultimis
638 3559 870 3643 uoluntatibus,
886 3559 1056 3656 sedeciam
1072 3559 1155 3627 inter
1170 3561 1273 3648 uiuos,

158 3676 266 3736 ratum
281 3667 420 3752 babeat,
446 3675 478 3736 et
502 3688 559 3736 sne
585 3667 790 3739 auctoritatis
807 3667 988 3734 interuentu
1004 3667 1228 3736 inconcussam
1243 3670 1274 3736 ei

18 3839 19 3842 ,
156 3777 280 3845 tribnat
298 3776 491 3844 firmitatem.
523 3778 609 3845 Hinc
635 3784 703 3861 est,
729 3773 817 3861 qnod
839 3783 948 3844 noster
971 3775 1095 3862 fidelis,
1120 3777 1273 3846 uidelicet

158 3885 265 3970 Wros‚
279 3885 391 3953 Abbas
406 3885 552 3954 Ecclesia
567 3885 681 3954 Sancti
695 3885 827 3952 Martini
843 3884 884 3952 de
900 3884 1089 3971 Pannonia,
1114 3903 1209 3969 quern
1225 3895 1272 3956 at-

156 3993 328 4062 tendentes
344 3995 529 4062 mentorum
543 3995 753 4082 prerogativa
769 4001 894 4062 eeteros
909 3994 1107 4082 precellere,
1123 4001 1157 4062 et
1172 3994 1271 4061 serui·

158 4104 282 4170 ciorum
299 4103 451 4170 continua
466 4101 667 4188 longenitate
681 4104 827 4190 pluribus
843 4103 1038 4189 preminere,
1055 4103 1125 4188 qui,
1141 4119 1201 4168 nec
1215 4103 1271 4168 im·

156 4219 293 4303 pontune
309 4212 478 4296 postulans
494 4229 555 4278 nec
571 4211 757 4280 ambicinsis
772 4211 928 4278 insistens
943 4211 1112 4296 precibus,
1128 4215 1272 4278 nostram
1402 4295 1405 4301 ¹

157 4319 362 4410 presenciam
377 4318 493 4388 adiens
518 4339 539 4385 a
554 4321 648 4387 nobis
664 4320 827 4388 humiliter
842 4319 1028 4406 postulauit,
1045 4319 1131 4401 quod
1146 4335 1272 4403 posses·

158 4429 291 4513 sionem,
314 4428 468 4496 uidelicet
483 4434 589 4495 terras
604 4447 674 4494 cnm
691 4428 865 4497 earundem
880 4429 1005 4515 incolys
1021 4434 1054 4494 et
1070 4427 1186 4494 ceteris
1201 4446 1273 4514 per·

156 4535 305 4624 tinenoys
331 4539 417 4624 suis,
443 4557 523 4622 quas
548 4537 684 4622 quilibet
699 4537 740 4604 ob
754 4533 932 4605 remedium
948 4535 1064 4604 salutis
1079 4535 1186 4602 anime
1203 4553 1271 4621 sne,
1382 4541 1387 4552 '

78 4633 85 4644 ’
157 4647 191 4712 ut
204 4651 281 4732 post
295 4644 357 4714 bec
372 4647 567 4733 temporalia
586 4654 698 4714 eterna
714 4647 882 4732 reciperet,
900 4644 1046 4713 Ecclesie
1062 4643 1174 4712 Sancti
1189 4642 1271 4710 blar-
