3234 5072
208 2373 258 2430 ’θ’

303 1057 390 1124 Kool
402 1106 411 1142 ,
444 1058 479 1122 to·
502 1055 596 1122 Saeat
620 1053 729 1117 Ιείυάπ
749 1049 888 1128 kordban
912 1049 1021 1116 Gizela
1049 1051 1197 1137 hircilpae‘
1225 1053 1415 1120 htatretihea

293 1169 360 1254 jeta
383 1159 693 1252 Mapparorsaoipha,
725 1159 855 1226 Keildon
877 1159 1000 1246 Soproa
1024 1159 1239 1247 vcirnrepyehea
1261 1159 1414 1250 telopectik

714 1265 751 1332 le.
777 1267 1006 1332 roeo-1038.

406 1463 628 1535 Nioolaus
652 1443 968 1545 otst'ephanns
993 1460 1153 1542 quasdam
1180 1461 1263 1532 duas
1279 1464 1415 1551 litteras,

304 1600 346 1643 na
360 1599 412 1641 ene
428 1573 547 1639 domiai
562 1567 684 1634 aanor
693 1567 917 1654 olpmrepimea
927 1569 1018 1634 terrine
1033 1571 1134 1656 Rapui
1143 1569 1286 1655 feliciter
1300 1575 1415 1658 impos

305 1675 410 1768 tantalo,
434 1677 525 1747 Anno
548 1677 587 1740 ah
609 1674 829 1739 ineumeaee'oue
844 1674 974 1738 Domini
990 1676 1035 1740 M.
1062 1675 1120 1742 00.
1146 1678 1325 1743 derodeeimo
1342 1682 1415 1766 pri·
1464 1697 1475 1714 ··

303 1788 489 1878 alepioiiter
523 1793 717 1866 euronotum,
740 1779 839 1847 aliam
864 1799 941 1847 vero
967 1781 1110 1869 Capituli
1137 1785 1284 1852 Ecclesie
1308 1787 1415 1854 Casiri
1506 1831 1508 1834 -

301 1897 398 1966 ferrei
412 1914 497 1963 anuo
513 1891 644 1960 Domini
659 1889 701 1956 M.
727 1887 816 1954 000.
840 1888 930 1955 Lmo.
955 1891 1092 1976 septimo
1110 1889 1191 1958 feria
1207 1893 1308 1960 tereia
1323 1914 1414 1980 prox.

301 2008 377 2070 ants
392 2002 508 2070 festum
525 1999 619 2067 Beati
636 1993 766 2082 Georgii
781 1996 932 2081 martyris
948 2001 1097 2080 patenter
1113 2003 1298 2066 emanatam
1313 2011 1416 2066 nonno

295 2111 474 2198 judiciario
490 2108 663 2192 conspectui
677 2097 827 2169 curarant
851 2103 996 2167 eehihene'.
1021 2106 1058 2170 Iu
1085 2123 1220 2187 quarum
1237 2108 1366 2190 quidem
1381 2109 1417 2174 li·

262 2297 266 2306 ,
303 2227 442 2286 terarum
458 2213 709 2302 privilegialium
725 2211 804 2277 dieti
820 2209 941 2276 domini
957 2213 1083 2278 Andree
1100 2213 1198 2296 Regis
1216 2215 1419 2304 continencia

240 2333 243 2339 ⁴
303 2323 552 2412 exprimebatur,
567 2315 654 2404 quod
669 2327 813 2404 tempore
828 2318 926 2404 Regis
943 2319 1053 2385 Sancti
1078 2319 1246 2408 Stephani,
1263 2323 1318 2389 aui
1333 2325 1418 2392 soili-

304 2442 357 2502 oet
371 2430 516 2499 eiusdem
532 2428 653 2496 domiui
670 2429 798 2496 Andree
814 2426 922 2512 Regis,
950 2447 1020 2492 eum
1047 2427 1149 2496 Kesla
1176 2429 1303 2515 Regina
1328 2433 1417 2498 Hun-

304 2540 398 2627 garie
413 2537 690 2624 Christianissirna
705 2537 745 2602 de
761 2535 945 2602 intrinsecis
970 2535 1118 2620 partibus
1142 2538 1315 2606 Alamauie
1343 2541 1418 2610 iuis·

303 2657 354 2717 set
367 2646 567 2737 transducta,
585 2644 715 2729 quidam
733 2645 819 2712 Kaal
834 2645 962 2710 nomino
978 2643 1073 2711 homo
1089 2645 1191 2712 libere
1222 2649 1418 2719 eondioionia

166 2775 172 2784 ·
304 2765 423 2824 terram
452 2741 588 2822 liberam
619 2754 880 2838 consumpsisset,
911 2760 944 2818 et
968 2755 1072 2820 omnis
1104 2757 1267 2824 seruitutis
1291 2779 1419 2846 expers,

269 2891 272 2896 ·
303 2863 516 2956 predecessor
529 2861 633 2929 fidelia
648 2861 767 2929 Clerici
783 2861 927 2928 eiusdem
943 2861 1064 2928 domini
1081 2861 1210 2931 Andree
1234 2867 1333 2954 Regis
1349 2869 1418 2936 Ste-

308 2971 410 3062 phani
424 2969 563 3054 homine,
580 2969 613 3035 in
629 2969 734 3035 offioio
758 2966 901 3036 eiusdem
932 2965 1059 3034 domine
1086 2970 1211 3053 Regine
1241 2974 1419 3057 persistens

306 3079 509 3166 Hungariam
519 3077 682 3162 intrasset,
699 3083 731 3143 et
747 3096 811 3160 qua
819 3077 972 3162 temporis
982 3077 1068 3144 raeio
1080 3077 1270 3163 habebatur,
1288 3082 1321 3146 in
1337 3081 1420 3150 Gald

308 3188 341 3256 in
357 3187 517 3255 Comitetu
527 3187 626 3254 enutri
642 3184 871 3271 Supruniensis
889 3185 989 3252 libere
1005 3191 1039 3251 et
1053 3185 1178 3269 absque
1193 3188 1331 3256 alieuius
1346 3209 1419 3257 eon·

309 3295 437 3364 ditione
453 3301 572 3362 terram
588 3299 621 3360 et
637 3295 742 3360 loenm
759 3291 1007 3361 cohabitandum
1024 3293 1197 3379 elegissem
1217 3298 1348 3364 tandem
1362 3296 1417 3363 he·

307 3409 429 3472 rentem
444 3398 489 3489 (i)
505 3403 604 3469 multo
620 3401 774 3488 temporis
791 3401 958 3486 curriculo,
974 3407 1118 3485 tempore
1141 3401 1195 3489 pie
1223 3405 1420 3472 recordacio·

309 3513 360 3579 nis
377 3509 502 3598 Geysse
519 3509 618 3595 Regis
644 3529 716 3576 eum
742 3509 941 3576 Laureneius
968 3507 1083 3576 Comes
1109 3511 1273 3594 comitatui
1301 3513 1419 3581 Castri-

309 3617 405 3687 ierrei
421 3623 455 3684 et
470 3617 680 3704 Suprunieusi
694 3617 919 3704 pressedisset,
931 3617 1128 3703 j0hugiones
1152 3617 1295 3702 eipsdem
1322 3621 1419 3689 eastri

309 3724 435 3794 inuidia
450 3725 539 3792 dueti
553 3743 575 3788 a
589 3725 717 3790 tramite
732 3725 881 3792 veritatis
896 3723 1074 3808 dehiantes,
1092 3732 1218 3812 patrem
1235 3727 1340 3797 fidelis
1356 3730 1419 3796 ote-

309 3834 368 3900 riei
396 3831 474 3898 dieti
490 3831 610 3898 domiui
625 3831 753 3898 Andree
768 3831 868 3917 Regis
884 3833 1051 3917 Stephani,
1068 3834 1188 3920 Aykan
1211 3836 1341 3904 nomine
1367 3857 1421 3906 ea·

307 3941 489 4028 lumpniose
504 3945 537 4006 et
551 3937 635 4005 falso
651 3940 1060 4026 alloquentesjobagiones
1072 3945 1179 4028 oashi,
1196 3951 1229 4011 et
1246 3965 1419 4028 quarinum

309 4067 351 4115 ex
365 4049 444 4134 ipsis
459 4047 583 4114 sosium
598 4047 631 4113 in
654 4049 852 4133 presenciam
875 4049 1046 4116 Laurenoii
1074 4049 1207 4120 Comitis
1240 4055 1309 4122 fore
1332 4073 1419 4122 asse

307 4155 458 4240 ruissent,
482 4161 517 4221 nt
539 4173 597 4242 per
619 4153 680 4222 hoe
710 4155 813 4242 ipsius
843 4156 972 4223 titulum
1003 4157 1214 4245 infringerent
1244 4162 1416 4230 libertatis.

307 4261 428 4328 Videns
444 4269 553 4330 autem
567 4261 671 4330 fidelis
687 4263 823 4330 oleriouu
847 4263 991 4332 eiusdem
1017 4266 1138 4334 domini
1160 4266 1289 4337 Audree
1317 4271 1418 4356 Regis

308 4367 499 4455 Stephanus,
515 4377 547 4437 et
562 4373 753 4457 Lampertns
769 4389 845 4438 suus
869 4372 970 4439 frater
995 4373 1148 4460 uterinus,
1176 4375 1261 4458 quoh
1286 4375 1421 4445 libertas

310 4495 418 4544 eorum
434 4495 492 4562 per
507 4477 637 4546 eosdem
652 4479 831 4546 malitiosos
843 4477 1037 4564 johagiones
1052 4481 1171 4567 prefati
1186 4483 1284 4549 rastri
1300 4481 1415 4552 fnisset

311 4584 491 4670 annullata,
507 4591 647 4672 temporo
664 4587 768 4654 selieis
793 4588 1028 4655 recordationis
1052 4589 1191 4657 Emeriei
1215 4591 1324 4677 Regis,
1350 4593 1412 4659 ira-

312 4693 370 4766 tria
385 4691 529 4765 eiusdem
544 4693 672 4764 Andree
687 4694 796 4782 Regis,
814 4713 884 4764 enm
903 4696 972 4783 ipse
996 4698 1145 4766 dueamm
1175 4699 1340 4787 annaeo,
1372 4702 1416 4772 ad
