<?xml version="1.0" encoding="UTF-8"?>
<!DOCTYPE html PUBLIC "-//W3C//DTD XHTML 1.0 Transitional//EN"
    "http://www.w3.org/TR/xhtml1/DTD/xhtml1-transitional.dtd">
<html xmlns="http://www.w3.org/1999/xhtml" xml:lang="en" lang="en">
 <head>
  <title>
</title>
<meta http-equiv="Content-Type" content="text/html;charset=utf-8" />
  <meta name='ocr-system' content='tesseract 3.04.00' />
  <meta name='ocr-capabilities' content='ocr_page ocr_carea ocr_par ocr_line ocrx_word'/>
</head>
<body>
  <div class='ocr_page' id='page_1' title='image "./codexdiplomatic20wenzgoog_0087.png"; bbox 0 0 3234 5072; ppageno 0'>
   <div class='ocr_carea' id='block_1_1' title="bbox 805 311 962 413">
    <p class='ocr_par' dir='ltr' id='par_1_1' title="bbox 805 311 962 413">
     <span class='ocr_line' id='line_1_1' title="bbox 805 311 962 413; baseline 0 -37"><span class='ocrx_word' id='word_1_1' title='bbox 805 311 962 413; x_wconf 34' lang='lat' dir='ltr'><strong>*aa*</strong></span> 
     </span>
    </p>
   </div>
   <div class='ocr_carea' id='block_1_2' title="bbox 264 506 1444 3082">
    <p class='ocr_par' dir='ltr' id='par_1_2' title="bbox 264 506 1444 3082">
     <span class='ocr_line' id='line_1_2' title="bbox 330 506 1444 593; baseline -0.004 -17"><span class='ocrx_word' id='word_1_2' title='bbox 330 529 412 592; x_wconf 89' lang='lat' dir='ltr'><strong>cum,</strong></span> <span class='ocrx_word' id='word_1_3' title='bbox 428 511 462 576; x_wconf 93' lang='lat' dir='ltr'><strong>in</strong></span> <span class='ocrx_word' id='word_1_4' title='bbox 478 529 540 593; x_wconf 90' lang='lat' dir='ltr'><strong>qno</strong></span> <span class='ocrx_word' id='word_1_5' title='bbox 557 516 772 577; x_wconf 78' lang='lat' dir='ltr'><strong>constructam</strong></span> <span class='ocrx_word' id='word_1_6' title='bbox 789 511 960 580; x_wconf 89' lang='lat' dir='ltr'><strong>ecclesiam</strong></span> <span class='ocrx_word' id='word_1_7' title='bbox 987 508 1107 575; x_wconf 87' lang='lat' dir='ltr'><strong>Sancte</strong></span> <span class='ocrx_word' id='word_1_8' title='bbox 1132 507 1245 590; x_wconf 85' lang='lat' dir='ltr'><strong>Maria,</strong></span> <span class='ocrx_word' id='word_1_9' title='bbox 1261 506 1348 591; x_wconf 88' lang='lat' dir='ltr'><strong>quod</strong></span> <span class='ocrx_word' id='word_1_10' title='bbox 1361 506 1444 574; x_wconf 92' lang='lat' dir='ltr'><strong>dini-</strong></span> 
     </span>
     <span class='ocr_line' id='line_1_3' title="bbox 330 614 1442 704; baseline -0.004 -20"><span class='ocrx_word' id='word_1_11' title='bbox 330 617 422 684; x_wconf 87' lang='lat' dir='ltr'><strong>sitin</strong></span> <span class='ocrx_word' id='word_1_12' title='bbox 439 619 520 685; x_wconf 85' lang='lat' dir='ltr'><strong>duas</strong></span> <span class='ocrx_word' id='word_1_13' title='bbox 536 627 647 704; x_wconf 82' lang='lat' dir='ltr'><strong>partes</strong></span> <span class='ocrx_word' id='word_1_14' title='bbox 663 620 726 684; x_wconf 92' lang='lat' dir='ltr'><strong>etl</strong></span> <span class='ocrx_word' id='word_1_15' title='bbox 752 620 971 686; x_wconf 81' lang='lat' dir='ltr'><strong>molendinum</strong></span> <span class='ocrx_word' id='word_1_16' title='bbox 989 617 1049 684; x_wconf 90' lang='lat' dir='ltr'><strong>sub</strong></span> <span class='ocrx_word' id='word_1_17' title='bbox 1065 637 1154 683; x_wconf 89' lang='lat' dir='ltr'><strong>muro</strong></span> <span class='ocrx_word' id='word_1_18' title='bbox 1179 614 1348 703; x_wconf 86' lang='lat' dir='ltr'><strong>Wesprem</strong></span> <span class='ocrx_word' id='word_1_19' title='bbox 1365 616 1442 680; x_wconf 91' lang='lat' dir='ltr'><strong>cini-</strong></span> 
     </span>
     <span class='ocr_line' id='line_1_4' title="bbox 322 722 1443 811; baseline 0.003 -19"><span class='ocrx_word' id='word_1_20' title='bbox 322 726 413 811; x_wconf 86' lang='lat' dir='ltr'><strong>tatis,</strong></span> <span class='ocrx_word' id='word_1_21' title='bbox 431 745 451 791; x_wconf 88' lang='lat' dir='ltr'><strong>a</strong></span> <span class='ocrx_word' id='word_1_22' title='bbox 468 725 559 810; x_wconf 84' lang='lat' dir='ltr'><strong>Rege</strong></span> <span class='ocrx_word' id='word_1_23' title='bbox 574 725 705 793; x_wconf 81' lang='lat' dir='ltr'><strong>Andrea</strong></span> <span class='ocrx_word' id='word_1_24' title='bbox 719 723 840 792; x_wconf 88' lang='lat' dir='ltr'><strong>datum.</strong></span> <span class='ocrx_word' id='word_1_25' title='bbox 863 725 1017 794; x_wconf 90' lang='lat' dir='ltr'><strong>Prcdium</strong></span> <span class='ocrx_word' id='word_1_26' title='bbox 1033 722 1119 808; x_wconf 91' lang='lat' dir='ltr'><strong>qnod</strong></span> <span class='ocrx_word' id='word_1_27' title='bbox 1142 731 1278 792; x_wconf 85' lang='lat' dir='ltr'><strong>uocatur</strong></span> <span class='ocrx_word' id='word_1_28' title='bbox 1303 724 1443 811; x_wconf 87' lang='lat' dir='ltr'><strong>Kigouis</strong></span> 
     </span>
     <span class='ocr_line' id='line_1_5' title="bbox 325 833 1444 918; baseline 0.002 -20"><span class='ocrx_word' id='word_1_29' title='bbox 325 835 514 900; x_wconf 85' lang='lat' dir='ltr'><strong>terminatur</strong></span> <span class='ocrx_word' id='word_1_30' title='bbox 545 835 608 901; x_wconf 89' lang='lat' dir='ltr'><strong>hiis</strong></span> <span class='ocrx_word' id='word_1_31' title='bbox 638 833 814 900; x_wconf 55' lang='lat' dir='ltr'><strong>marchiis,</strong></span> <span class='ocrx_word' id='word_1_32' title='bbox 827 834 878 900; x_wconf 85' lang='lat' dir='ltr'><strong>Ab</strong></span> <span class='ocrx_word' id='word_1_33' title='bbox 903 833 1096 902; x_wconf 87' lang='lat' dir='ltr'><strong>occidentali</strong></span> <span class='ocrx_word' id='word_1_34' title='bbox 1121 839 1215 918; x_wconf 86' lang='lat' dir='ltr'><strong>perte</strong></span> <span class='ocrx_word' id='word_1_35' title='bbox 1242 833 1384 901; x_wconf 83' lang='lat' dir='ltr'><strong>tenditur</strong></span> <span class='ocrx_word' id='word_1_36' title='bbox 1399 835 1444 900; x_wconf 85' lang='lat' dir='ltr'><strong>ad</strong></span> 
     </span>
     <span class='ocr_line' id='line_1_6' title="bbox 309 942 1443 1031; baseline -0.002 -21"><span class='ocrx_word' id='word_1_37' title='bbox 309 945 533 1029; x_wconf 60' lang='lat' dir='ltr'><strong>‘sepulchrum</strong></span> <span class='ocrx_word' id='word_1_38' title='bbox 548 945 670 1028; x_wconf 82' lang='lat' dir='ltr'><strong>Qulrar,</strong></span> <span class='ocrx_word' id='word_1_39' title='bbox 687 962 781 1027; x_wconf 87' lang='lat' dir='ltr'><strong>aquo</strong></span> <span class='ocrx_word' id='word_1_40' title='bbox 797 944 924 1012; x_wconf 81' lang='lat' dir='ltr'><strong>ducitur</strong></span> <span class='ocrx_word' id='word_1_41' title='bbox 940 965 999 1031; x_wconf 92' lang='lat' dir='ltr'><strong>per</strong></span> <span class='ocrx_word' id='word_1_42' title='bbox 1015 943 1188 1010; x_wconf 77' lang='lat' dir='ltr'>herbosam</span> <span class='ocrx_word' id='word_1_43' title='bbox 1204 942 1291 1008; x_wconf 84' lang='lat' dir='ltr'><strong>niam</strong></span> <span class='ocrx_word' id='word_1_44' title='bbox 1314 942 1359 1009; x_wconf 86' lang='lat' dir='ltr'><strong>ad</strong></span> <span class='ocrx_word' id='word_1_45' title='bbox 1383 962 1443 1008; x_wconf 83' lang='lat' dir='ltr'><strong>an·</strong></span> 
     </span>
     <span class='ocr_line' id='line_1_7' title="bbox 325 1051 1441 1147; baseline -0.002 -29"><span class='ocrx_word' id='word_1_46' title='bbox 325 1054 436 1135; x_wconf 80' lang='lat' dir='ltr'><strong>gelum</strong></span> <span class='ocrx_word' id='word_1_47' title='bbox 451 1054 648 1136; x_wconf 80' lang='lat' dir='ltr'><strong>munimenti,</strong></span> <span class='ocrx_word' id='word_1_48' title='bbox 665 1073 725 1147; x_wconf 88' lang='lat' dir='ltr'><strong>per</strong></span> <span class='ocrx_word' id='word_1_49' title='bbox 740 1053 825 1135; x_wconf 89' lang='lat' dir='ltr'><strong>qnod</strong></span> <span class='ocrx_word' id='word_1_50' title='bbox 840 1053 903 1118; x_wconf 90' lang='lat' dir='ltr'><strong>itur</strong></span> <span class='ocrx_word' id='word_1_51' title='bbox 918 1051 962 1117; x_wconf 87' lang='lat' dir='ltr'><strong>ad</strong></span> <span class='ocrx_word' id='word_1_52' title='bbox 977 1051 1148 1118; x_wconf 83' lang='lat' dir='ltr'><strong>meridiem</strong></span> <span class='ocrx_word' id='word_1_53' title='bbox 1176 1059 1209 1117; x_wconf 92' lang='lat' dir='ltr'><strong>et</strong></span> <span class='ocrx_word' id='word_1_54' title='bbox 1236 1051 1441 1135; x_wconf 88' lang='lat' dir='ltr'><strong>coniungitur</strong></span> 
     </span>
     <span class='ocr_line' id='line_1_8' title="bbox 326 1159 1439 1244; baseline -0.004 -18"><span class='ocrx_word' id='word_1_55' title='bbox 326 1160 389 1244; x_wconf 90' lang='lat' dir='ltr'><strong>uie,</strong></span> <span class='ocrx_word' id='word_1_56' title='bbox 406 1161 622 1244; x_wconf 81' lang='lat' dir='ltr'><strong>quagirondo</strong></span> <span class='ocrx_word' id='word_1_57' title='bbox 635 1161 735 1230; x_wconf 83' lang='lat' dir='ltr'><strong>intrat</strong></span> <span class='ocrx_word' id='word_1_58' title='bbox 749 1161 783 1226; x_wconf 91' lang='lat' dir='ltr'><strong>in</strong></span> <span class='ocrx_word' id='word_1_59' title='bbox 799 1161 877 1226; x_wconf 85' lang='lat' dir='ltr'><strong>uilla</strong></span> <span class='ocrx_word' id='word_1_60' title='bbox 893 1161 1016 1244; x_wconf 81' lang='lat' dir='ltr'><strong>Sornil3</strong></span> <span class='ocrx_word' id='word_1_61' title='bbox 1041 1159 1125 1226; x_wconf 89' lang='lat' dir='ltr'><strong>unde</strong></span> <span class='ocrx_word' id='word_1_62' title='bbox 1142 1161 1209 1226; x_wconf 88' lang='lat' dir='ltr'><strong>exit</strong></span> <span class='ocrx_word' id='word_1_63' title='bbox 1235 1159 1279 1226; x_wconf 88' lang='lat' dir='ltr'><strong>ad</strong></span> <span class='ocrx_word' id='word_1_64' title='bbox 1305 1161 1439 1244; x_wconf 87' lang='lat' dir='ltr'><strong>puteum</strong></span> 
     </span>
     <span class='ocr_line' id='line_1_9' title="bbox 325 1264 1439 1354; baseline -0.004 -20"><span class='ocrx_word' id='word_1_65' title='bbox 325 1268 497 1350; x_wconf 86' lang='lat' dir='ltr'><strong>Vuchmes,</strong></span> <span class='ocrx_word' id='word_1_66' title='bbox 512 1269 588 1335; x_wconf 92' lang='lat' dir='ltr'><strong>inde</strong></span> <span class='ocrx_word' id='word_1_67' title='bbox 603 1269 692 1336; x_wconf 86' lang='lat' dir='ltr'><strong>eadit</strong></span> <span class='ocrx_word' id='word_1_68' title='bbox 706 1267 749 1333; x_wconf 88' lang='lat' dir='ltr'><strong>ad</strong></span> <span class='ocrx_word' id='word_1_69' title='bbox 763 1274 895 1354; x_wconf 90' lang='lat' dir='ltr'><strong>putenm</strong></span> <span class='ocrx_word' id='word_1_70' title='bbox 911 1267 1033 1351; x_wconf 83' lang='lat' dir='ltr'><strong>Baelo,</strong></span> <span class='ocrx_word' id='word_1_71' title='bbox 1050 1267 1104 1351; x_wconf 89' lang='lat' dir='ltr'><strong>qui</strong></span> <span class='ocrx_word' id='word_1_72' title='bbox 1120 1267 1208 1332; x_wconf 92' lang='lat' dir='ltr'><strong>ducit</strong></span> <span class='ocrx_word' id='word_1_73' title='bbox 1231 1264 1277 1332; x_wconf 87' lang='lat' dir='ltr'><strong>ad</strong></span> <span class='ocrx_word' id='word_1_74' title='bbox 1303 1265 1439 1349; x_wconf 85' lang='lat' dir='ltr'><strong>salsugi-</strong></span> 
     </span>
     <span class='ocr_line' id='line_1_10' title="bbox 264 1372 1441 1472; baseline -0.002 -32"><span class='ocrx_word' id='word_1_75' title='bbox 264 1461 275 1472; x_wconf 40' lang='lat'><em>·</em></span> <span class='ocrx_word' id='word_1_76' title='bbox 325 1395 410 1457; x_wconf 87' lang='lat' dir='ltr'><strong>nem,</strong></span> <span class='ocrx_word' id='word_1_77' title='bbox 427 1395 448 1440; x_wconf 88' lang='lat' dir='ltr'><strong>a</strong></span> <span class='ocrx_word' id='word_1_78' title='bbox 464 1396 525 1458; x_wconf 90' lang='lat' dir='ltr'><strong>quo</strong></span> <span class='ocrx_word' id='word_1_79' title='bbox 539 1377 673 1442; x_wconf 87' lang='lat' dir='ltr'><strong>uertitur</strong></span> <span class='ocrx_word' id='word_1_80' title='bbox 688 1377 732 1444; x_wconf 87' lang='lat' dir='ltr'><strong>ad</strong></span> <span class='ocrx_word' id='word_1_81' title='bbox 748 1385 888 1442; x_wconf 90' lang='lat' dir='ltr'><strong>montem</strong></span> <span class='ocrx_word' id='word_1_82' title='bbox 905 1395 1059 1460; x_wconf 74' lang='lat' dir='ltr'><strong>aureum,</strong></span> <span class='ocrx_word' id='word_1_83' title='bbox 1084 1376 1160 1442; x_wconf 90' lang='lat' dir='ltr'><strong>inde</strong></span> <span class='ocrx_word' id='word_1_84' title='bbox 1176 1373 1268 1442; x_wconf 83' lang='lat' dir='ltr'><strong>uadit</strong></span> <span class='ocrx_word' id='word_1_85' title='bbox 1283 1375 1325 1440; x_wconf 83' lang='lat' dir='ltr'><strong>ad</strong></span> <span class='ocrx_word' id='word_1_86' title='bbox 1341 1372 1441 1438; x_wconf 87' lang='lat' dir='ltr'><strong>aliam</strong></span> 
     </span>
     <span class='ocr_line' id='line_1_11' title="bbox 329 1483 1439 1571; baseline -0.006 -20"><span class='ocrx_word' id='word_1_87' title='bbox 329 1483 538 1570; x_wconf 75' lang='lat' dir='ltr'><strong>salsuginem,</strong></span> <span class='ocrx_word' id='word_1_88' title='bbox 556 1485 597 1550; x_wconf 89' lang='lat' dir='ltr'><strong>de</strong></span> <span class='ocrx_word' id='word_1_89' title='bbox 613 1503 679 1568; x_wconf 87' lang='lat' dir='ltr'><strong>qua</strong></span> <span class='ocrx_word' id='word_1_90' title='bbox 692 1485 872 1571; x_wconf 87' lang='lat' dir='ltr'><strong>protelatur</strong></span> <span class='ocrx_word' id='word_1_91' title='bbox 888 1484 932 1550; x_wconf 88' lang='lat' dir='ltr'><strong>ad</strong></span> <span class='ocrx_word' id='word_1_92' title='bbox 946 1502 1101 1568; x_wconf 87' lang='lat' dir='ltr'><strong>maguam</strong></span> <span class='ocrx_word' id='word_1_93' title='bbox 1116 1483 1280 1568; x_wconf 80' lang='lat' dir='ltr'><strong>paludem,</strong></span> <span class='ocrx_word' id='word_1_94' title='bbox 1310 1487 1343 1546; x_wconf 88' lang='lat' dir='ltr'><strong>et</strong></span> <span class='ocrx_word' id='word_1_95' title='bbox 1367 1499 1439 1546; x_wconf 90' lang='lat' dir='ltr'><strong>uer·</strong></span> 
     </span>
     <span class='ocr_line' id='line_1_12' title="bbox 323 1587 1439 1679; baseline 0 -23"><span class='ocrx_word' id='word_1_96' title='bbox 323 1591 400 1657; x_wconf 89' lang='lat' dir='ltr'><strong>titur</strong></span> <span class='ocrx_word' id='word_1_97' title='bbox 415 1592 458 1658; x_wconf 87' lang='lat' dir='ltr'><strong>ad</strong></span> <span class='ocrx_word' id='word_1_98' title='bbox 473 1593 654 1679; x_wconf 87' lang='lat' dir='ltr'><strong>predictum</strong></span> <span class='ocrx_word' id='word_1_99' title='bbox 670 1594 784 1658; x_wconf 90' lang='lat' dir='ltr'><strong>locum.</strong></span> <span class='ocrx_word' id='word_1_100' title='bbox 799 1593 860 1659; x_wconf 86' lang='lat' dir='ltr'><strong>Est</strong></span> <span class='ocrx_word' id='word_1_101' title='bbox 869 1588 1052 1678; x_wconf 57' lang='lat' dir='ltr'><strong>enimiterra</strong></span> <span class='ocrx_word' id='word_1_102' title='bbox 1062 1587 1210 1658; x_wconf 83' lang='lat' dir='ltr'><strong>Ecclesie</strong></span> <span class='ocrx_word' id='word_1_103' title='bbox 1235 1587 1351 1656; x_wconf 82' lang='lat' dir='ltr'><strong>Sancti</strong></span> <span class='ocrx_word' id='word_1_104' title='bbox 1367 1589 1439 1656; x_wconf 86' lang='lat' dir='ltr'><strong>Sal-</strong></span> 
     </span>
     <span class='ocr_line' id='line_1_13' title="bbox 323 1699 1436 1785; baseline 0 -21"><span class='ocrx_word' id='word_1_105' title='bbox 323 1701 445 1768; x_wconf 90' lang='lat' dir='ltr'><strong>uatoris</strong></span> <span class='ocrx_word' id='word_1_106' title='bbox 462 1708 494 1766; x_wconf 91' lang='lat' dir='ltr'><strong>et</strong></span> <span class='ocrx_word' id='word_1_107' title='bbox 511 1701 623 1768; x_wconf 84' lang='lat' dir='ltr'><strong>Sancti</strong></span> <span class='ocrx_word' id='word_1_108' title='bbox 639 1701 798 1784; x_wconf 87' lang='lat' dir='ltr'><strong>Mauricii,</strong></span> <span class='ocrx_word' id='word_1_109' title='bbox 816 1701 958 1782; x_wconf 84' lang='lat' dir='ltr'><strong>quesita</strong></span> <span class='ocrx_word' id='word_1_110' title='bbox 974 1707 1025 1765; x_wconf 89' lang='lat' dir='ltr'><strong>est</strong></span> <span class='ocrx_word' id='word_1_111' title='bbox 1039 1701 1131 1766; x_wconf 82' lang='lat' dir='ltr'><strong>iuxta</strong></span> <span class='ocrx_word' id='word_1_112' title='bbox 1146 1699 1262 1785; x_wconf 84' lang='lat' dir='ltr'><strong>Kyris,</strong></span> <span class='ocrx_word' id='word_1_113' title='bbox 1280 1699 1436 1764; x_wconf 89' lang='lat' dir='ltr'><strong>terminus</strong></span> 
     </span>
     <span class='ocr_line' id='line_1_14' title="bbox 323 1803 1437 1895; baseline -0.002 -23"><span class='ocrx_word' id='word_1_114' title='bbox 323 1807 412 1874; x_wconf 89' lang='lat' dir='ltr'><strong>cuins</strong></span> <span class='ocrx_word' id='word_1_115' title='bbox 429 1809 541 1894; x_wconf 84' lang='lat' dir='ltr'><strong>incipit</strong></span> <span class='ocrx_word' id='word_1_116' title='bbox 556 1807 596 1875; x_wconf 91' lang='lat' dir='ltr'><strong>de</strong></span> <span class='ocrx_word' id='word_1_117' title='bbox 611 1817 704 1895; x_wconf 90' lang='lat' dir='ltr'><strong>portu</strong></span> <span class='ocrx_word' id='word_1_118' title='bbox 719 1805 864 1875; x_wconf 88' lang='lat' dir='ltr'><strong>eiusdem</strong></span> <span class='ocrx_word' id='word_1_119' title='bbox 884 1805 1024 1874; x_wconf 86' lang='lat' dir='ltr'><strong>fluminis</strong></span> <span class='ocrx_word' id='word_1_120' title='bbox 1050 1809 1093 1874; x_wconf 91' lang='lat' dir='ltr'><strong>ad</strong></span> <span class='ocrx_word' id='word_1_121' title='bbox 1117 1813 1269 1890; x_wconf 93' lang='lat' dir='ltr'><strong>montem,</strong></span> <span class='ocrx_word' id='word_1_122' title='bbox 1294 1805 1370 1872; x_wconf 90' lang='lat' dir='ltr'><strong>indc</strong></span> <span class='ocrx_word' id='word_1_123' title='bbox 1393 1803 1437 1871; x_wconf 86' lang='lat' dir='ltr'><strong>ad</strong></span> 
     </span>
     <span class='ocr_line' id='line_1_15' title="bbox 322 1915 1436 2002; baseline -0.003 -20"><span class='ocrx_word' id='word_1_124' title='bbox 322 1917 409 1982; x_wconf 90' lang='lat' dir='ltr'><strong>uiam</strong></span> <span class='ocrx_word' id='word_1_125' title='bbox 424 1915 575 2000; x_wconf 89' lang='lat' dir='ltr'><strong>tenditur,</strong></span> <span class='ocrx_word' id='word_1_126' title='bbox 592 1918 633 1985; x_wconf 88' lang='lat' dir='ltr'><strong>de</strong></span> <span class='ocrx_word' id='word_1_127' title='bbox 649 1937 714 2002; x_wconf 86' lang='lat' dir='ltr'><strong>qua</strong></span> <span class='ocrx_word' id='word_1_128' title='bbox 728 1917 793 1982; x_wconf 87' lang='lat' dir='ltr'><strong>itnr</strong></span> <span class='ocrx_word' id='word_1_129' title='bbox 809 1915 854 1981; x_wconf 86' lang='lat' dir='ltr'><strong>ed</strong></span> <span class='ocrx_word' id='word_1_130' title='bbox 870 1917 1111 2001; x_wconf 89' lang='lat' dir='ltr'><strong>munimentum,</strong></span> <span class='ocrx_word' id='word_1_131' title='bbox 1129 1917 1214 1998; x_wconf 90' lang='lat' dir='ltr'><strong>quod</strong></span> <span class='ocrx_word' id='word_1_132' title='bbox 1229 1915 1368 1998; x_wconf 87' lang='lat' dir='ltr'><strong>girando</strong></span> <span class='ocrx_word' id='word_1_133' title='bbox 1383 1933 1436 1979; x_wconf 87' lang='lat' dir='ltr'><strong>oa·</strong></span> 
     </span>
     <span class='ocr_line' id='line_1_16' title="bbox 323 2023 1433 2112; baseline -0.002 -22"><span class='ocrx_word' id='word_1_134' title='bbox 323 2025 369 2090; x_wconf 92' lang='lat' dir='ltr'><strong>dit</strong></span> <span class='ocrx_word' id='word_1_135' title='bbox 384 2025 417 2090; x_wconf 91' lang='lat' dir='ltr'><strong>in</strong></span> <span class='ocrx_word' id='word_1_136' title='bbox 432 2023 563 2091; x_wconf 89' lang='lat' dir='ltr'><strong>fluuium</strong></span> <span class='ocrx_word' id='word_1_137' title='bbox 579 2025 689 2112; x_wconf 86' lang='lat' dir='ltr'><strong>Kyris.</strong></span> <span class='ocrx_word' id='word_1_138' title='bbox 713 2025 755 2090; x_wconf 77' lang='lat' dir='ltr'><strong>nt</strong></span> <span class='ocrx_word' id='word_1_139' title='bbox 771 2030 822 2092; x_wconf 85' lang='lat' dir='ltr'><strong>est</strong></span> <span class='ocrx_word' id='word_1_140' title='bbox 838 2025 871 2088; x_wconf 91' lang='lat' dir='ltr'><strong>in</strong></span> <span class='ocrx_word' id='word_1_141' title='bbox 895 2024 961 2089; x_wconf 85' lang='lat' dir='ltr'><strong>alio</strong></span> <span class='ocrx_word' id='word_1_142' title='bbox 987 2023 1058 2090; x_wconf 90' lang='lat' dir='ltr'><strong>loco</strong></span> <span class='ocrx_word' id='word_1_143' title='bbox 1084 2031 1173 2089; x_wconf 89' lang='lat' dir='ltr'><strong>terra</strong></span> <span class='ocrx_word' id='word_1_144' title='bbox 1199 2023 1349 2090; x_wconf 88' lang='lat' dir='ltr'><strong>eiusdem</strong></span> <span class='ocrx_word' id='word_1_145' title='bbox 1374 2023 1433 2088; x_wconf 83' lang='lat' dir='ltr'><strong>Ec-</strong></span> 
     </span>
     <span class='ocr_line' id='line_1_17' title="bbox 322 2129 1435 2216; baseline -0.003 -19"><span class='ocrx_word' id='word_1_146' title='bbox 322 2131 421 2198; x_wconf 84' lang='lat' dir='ltr'><strong>clesia</strong></span> <span class='ocrx_word' id='word_1_147' title='bbox 437 2133 530 2198; x_wconf 84' lang='lat' dir='ltr'><strong>iuxta</strong></span> <span class='ocrx_word' id='word_1_148' title='bbox 545 2132 659 2198; x_wconf 86' lang='lat' dir='ltr'><strong>uillam</strong></span> <span class='ocrx_word' id='word_1_149' title='bbox 675 2132 809 2216; x_wconf 90' lang='lat' dir='ltr'><strong>Keseth,</strong></span> <span class='ocrx_word' id='word_1_150' title='bbox 828 2151 891 2215; x_wconf 89' lang='lat' dir='ltr'><strong>qne</strong></span> <span class='ocrx_word' id='word_1_151' title='bbox 915 2133 1107 2198; x_wconf 85' lang='lat' dir='ltr'><strong>terminatur</strong></span> <span class='ocrx_word' id='word_1_152' title='bbox 1130 2132 1172 2198; x_wconf 87' lang='lat' dir='ltr'><strong>ab</strong></span> <span class='ocrx_word' id='word_1_153' title='bbox 1198 2129 1365 2198; x_wconf 89' lang='lat' dir='ltr'><strong>occidente</strong></span> <span class='ocrx_word' id='word_1_154' title='bbox 1391 2129 1435 2196; x_wconf 84' lang='lat' dir='ltr'><strong>ad</strong></span> 
     </span>
     <span class='ocr_line' id='line_1_18' title="bbox 322 2237 1436 2324; baseline -0.005 -17"><span class='ocrx_word' id='word_1_155' title='bbox 322 2241 529 2324; x_wconf 84' lang='lat' dir='ltr'><strong>salsuginem,</strong></span> <span class='ocrx_word' id='word_1_156' title='bbox 546 2239 664 2322; x_wconf 80' lang='lat' dir='ltr'><strong>deque</strong></span> <span class='ocrx_word' id='word_1_157' title='bbox 679 2241 820 2307; x_wconf 86' lang='lat' dir='ltr'><strong>tenditur</strong></span> <span class='ocrx_word' id='word_1_158' title='bbox 834 2241 878 2306; x_wconf 87' lang='lat' dir='ltr'><strong>ad</strong></span> <span class='ocrx_word' id='word_1_159' title='bbox 904 2241 1011 2322; x_wconf 89' lang='lat' dir='ltr'><strong>niam;</strong></span> <span class='ocrx_word' id='word_1_160' title='bbox 1036 2239 1112 2305; x_wconf 90' lang='lat' dir='ltr'><strong>inde</strong></span> <span class='ocrx_word' id='word_1_161' title='bbox 1128 2238 1170 2308; x_wconf 88' lang='lat' dir='ltr'><strong>ab</strong></span> <span class='ocrx_word' id='word_1_162' title='bbox 1196 2239 1319 2306; x_wconf 93' lang='lat' dir='ltr'><strong>oriente</strong></span> <span class='ocrx_word' id='word_1_163' title='bbox 1344 2237 1436 2304; x_wconf 83' lang='lat' dir='ltr'><strong>uadit</strong></span> 
     </span>
     <span class='ocr_line' id='line_1_19' title="bbox 322 2346 1436 2432; baseline -0.002 -19"><span class='ocrx_word' id='word_1_164' title='bbox 322 2347 365 2413; x_wconf 86' lang='lat' dir='ltr'><strong>ad</strong></span> <span class='ocrx_word' id='word_1_165' title='bbox 381 2349 611 2416; x_wconf 89' lang='lat' dir='ltr'><strong>munimentum</strong></span> <span class='ocrx_word' id='word_1_166' title='bbox 637 2353 669 2416; x_wconf 91' lang='lat' dir='ltr'><strong>et</strong></span> <span class='ocrx_word' id='word_1_167' title='bbox 694 2346 842 2432; x_wconf 84' lang='lat' dir='ltr'><strong>dirigitur</strong></span> <span class='ocrx_word' id='word_1_168' title='bbox 866 2348 911 2416; x_wconf 87' lang='lat' dir='ltr'><strong>ad</strong></span> <span class='ocrx_word' id='word_1_169' title='bbox 934 2348 1032 2415; x_wconf 84' lang='lat' dir='ltr'><strong>aliam</strong></span> <span class='ocrx_word' id='word_1_170' title='bbox 1064 2348 1275 2432; x_wconf 79' lang='lat' dir='ltr'><strong>salsuginem,</strong></span> <span class='ocrx_word' id='word_1_171' title='bbox 1301 2348 1342 2414; x_wconf 91' lang='lat' dir='ltr'><strong>de</strong></span> <span class='ocrx_word' id='word_1_172' title='bbox 1373 2366 1436 2430; x_wconf 89' lang='lat' dir='ltr'><strong>qna</strong></span> 
     </span>
     <span class='ocr_line' id='line_1_20' title="bbox 320 2453 1436 2543; baseline -0.002 -23"><span class='ocrx_word' id='word_1_173' title='bbox 320 2454 412 2520; x_wconf 90' lang='lat' dir='ltr'><strong>uadit</strong></span> <span class='ocrx_word' id='word_1_174' title='bbox 426 2475 485 2543; x_wconf 93' lang='lat' dir='ltr'><strong>per</strong></span> <span class='ocrx_word' id='word_1_175' title='bbox 508 2457 659 2521; x_wconf 88' lang='lat' dir='ltr'><strong>incultum</strong></span> <span class='ocrx_word' id='word_1_176' title='bbox 685 2475 832 2540; x_wconf 85' lang='lat' dir='ltr'><strong>campum</strong></span> <span class='ocrx_word' id='word_1_177' title='bbox 857 2455 900 2521; x_wconf 86' lang='lat' dir='ltr'><strong>ad</strong></span> <span class='ocrx_word' id='word_1_178' title='bbox 924 2463 1075 2540; x_wconf 91' lang='lat' dir='ltr'><strong>montem,</strong></span> <span class='ocrx_word' id='word_1_179' title='bbox 1101 2453 1157 2540; x_wconf 91' lang='lat' dir='ltr'><strong>qni</strong></span> <span class='ocrx_word' id='word_1_180' title='bbox 1180 2453 1315 2523; x_wconf 83' lang='lat' dir='ltr'><strong>inferius</strong></span> <span class='ocrx_word' id='word_1_181' title='bbox 1338 2456 1436 2520; x_wconf 89' lang='lat' dir='ltr'><strong>mittit</strong></span> 
     </span>
     <span class='ocr_line' id='line_1_21' title="bbox 320 2563 1434 2650; baseline -0.004 -19"><span class='ocrx_word' id='word_1_182' title='bbox 320 2563 363 2633; x_wconf 87' lang='lat' dir='ltr'><strong>ad</strong></span> <span class='ocrx_word' id='word_1_183' title='bbox 378 2565 617 2648; x_wconf 87' lang='lat' dir='ltr'><strong>munimentum,</strong></span> <span class='ocrx_word' id='word_1_184' title='bbox 636 2572 668 2630; x_wconf 91' lang='lat' dir='ltr'><strong>ct</strong></span> <span class='ocrx_word' id='word_1_185' title='bbox 683 2563 776 2630; x_wconf 88' lang='lat' dir='ltr'><strong>uadit</strong></span> <span class='ocrx_word' id='word_1_186' title='bbox 791 2585 849 2650; x_wconf 91' lang='lat' dir='ltr'><strong>per</strong></span> <span class='ocrx_word' id='word_1_187' title='bbox 864 2565 1003 2630; x_wconf 89' lang='lat' dir='ltr'><strong>medium</strong></span> <span class='ocrx_word' id='word_1_188' title='bbox 1029 2566 1157 2646; x_wconf 89' lang='lat' dir='ltr'><strong>montis,</strong></span> <span class='ocrx_word' id='word_1_189' title='bbox 1187 2563 1243 2630; x_wconf 91' lang='lat' dir='ltr'><strong>ubi</strong></span> <span class='ocrx_word' id='word_1_190' title='bbox 1268 2569 1344 2630; x_wconf 90' lang='lat' dir='ltr'><strong>sunt</strong></span> <span class='ocrx_word' id='word_1_191' title='bbox 1368 2571 1434 2628; x_wconf 89' lang='lat' dir='ltr'><strong>tres</strong></span> 
     </span>
     <span class='ocr_line' id='line_1_22' title="bbox 319 2669 1433 2758; baseline -0.005 -18"><span class='ocrx_word' id='word_1_192' title='bbox 319 2673 453 2758; x_wconf 72' lang='lat' dir='ltr'><strong>cumuli,</strong></span> <span class='ocrx_word' id='word_1_193' title='bbox 477 2670 552 2738; x_wconf 90' lang='lat' dir='ltr'><strong>hinc</strong></span> <span class='ocrx_word' id='word_1_194' title='bbox 568 2671 716 2758; x_wconf 85' lang='lat' dir='ltr'><strong>dirigitur</strong></span> <span class='ocrx_word' id='word_1_195' title='bbox 732 2669 776 2738; x_wconf 88' lang='lat' dir='ltr'><strong>nd</strong></span> <span class='ocrx_word' id='word_1_196' title='bbox 791 2673 871 2738; x_wconf 92' lang='lat' dir='ltr'><strong>duos</strong></span> <span class='ocrx_word' id='word_1_197' title='bbox 886 2677 1011 2758; x_wconf 90' lang='lat' dir='ltr'><strong>puteos,</strong></span> <span class='ocrx_word' id='word_1_198' title='bbox 1028 2672 1069 2739; x_wconf 89' lang='lat' dir='ltr'><strong>de</strong></span> <span class='ocrx_word' id='word_1_199' title='bbox 1094 2673 1212 2756; x_wconf 89' lang='lat' dir='ltr'><strong>quibus</strong></span> <span class='ocrx_word' id='word_1_200' title='bbox 1228 2673 1364 2738; x_wconf 88' lang='lat' dir='ltr'><strong>uertitur</strong></span> <span class='ocrx_word' id='word_1_201' title='bbox 1389 2669 1433 2734; x_wconf 84' lang='lat' dir='ltr'><strong>ad</strong></span> 
     </span>
     <span class='ocr_line' id='line_1_23' title="bbox 319 2779 1433 2867; baseline -0.002 -19"><span class='ocrx_word' id='word_1_202' title='bbox 319 2781 496 2867; x_wconf 90' lang='lat' dir='ltr'><strong>predictum</strong></span> <span class='ocrx_word' id='word_1_203' title='bbox 513 2780 627 2861; x_wconf 88' lang='lat' dir='ltr'><strong>locum.</strong></span> <span class='ocrx_word' id='word_1_204' title='bbox 643 2779 791 2847; x_wconf 89' lang='lat' dir='ltr'><strong>Predinm</strong></span> <span class='ocrx_word' id='word_1_205' title='bbox 807 2780 895 2864; x_wconf 90' lang='lat' dir='ltr'><strong>quod</strong></span> <span class='ocrx_word' id='word_1_206' title='bbox 910 2786 1046 2848; x_wconf 83' lang='lat' dir='ltr'><strong>uocatur</strong></span> <span class='ocrx_word' id='word_1_207' title='bbox 1061 2782 1176 2848; x_wconf 78' lang='lat' dir='ltr'><strong>Diana</strong></span> <span class='ocrx_word' id='word_1_208' title='bbox 1194 2783 1347 2848; x_wconf 86' lang='lat' dir='ltr'><strong>circuitur</strong></span> <span class='ocrx_word' id='word_1_209' title='bbox 1364 2800 1433 2846; x_wconf 90' lang='lat' dir='ltr'><strong>cum</strong></span> 
     </span>
     <span class='ocr_line' id='line_1_24' title="bbox 323 2889 1431 2975; baseline -0.005 -18"><span class='ocrx_word' id='word_1_210' title='bbox 323 2889 480 2957; x_wconf 87' lang='lat' dir='ltr'><strong>columnis</strong></span> <span class='ocrx_word' id='word_1_211' title='bbox 518 2889 667 2975; x_wconf 88' lang='lat' dir='ltr'><strong>lapideis.</strong></span> <span class='ocrx_word' id='word_1_212' title='bbox 713 2889 865 2956; x_wconf 88' lang='lat' dir='ltr'><strong>Predium</strong></span> <span class='ocrx_word' id='word_1_213' title='bbox 902 2889 988 2974; x_wconf 84' lang='lat' dir='ltr'><strong>qnod</strong></span> <span class='ocrx_word' id='word_1_214' title='bbox 1024 2890 1140 2957; x_wconf 90' lang='lat' dir='ltr'><strong>dicitur</strong></span> <span class='ocrx_word' id='word_1_215' title='bbox 1176 2890 1347 2957; x_wconf 75' lang='lat' dir='ltr'><strong>Zolamada&#39;</strong></span> <span class='ocrx_word' id='word_1_216' title='bbox 1372 2889 1431 2956; x_wconf 90' lang='lat' dir='ltr'><strong>eir.</strong></span> 
     </span>
     <span class='ocr_line' id='line_1_25' title="bbox 320 2993 1432 3082; baseline -0.009 -16"><span class='ocrx_word' id='word_1_217' title='bbox 320 2999 488 3066; x_wconf 87' lang='lat' dir='ltr'><strong>onmdatnr</strong></span> <span class='ocrx_word' id='word_1_218' title='bbox 503 2996 621 3082; x_wconf 86' lang='lat' dir='ltr'><strong>palude</strong></span> <span class='ocrx_word' id='word_1_219' title='bbox 639 3017 702 3082; x_wconf 92' lang='lat' dir='ltr'><strong>que</strong></span> <span class='ocrx_word' id='word_1_220' title='bbox 718 3006 852 3066; x_wconf 85' lang='lat' dir='ltr'><strong>uocatur</strong></span> <span class='ocrx_word' id='word_1_221' title='bbox 875 3001 999 3076; x_wconf 88' lang='lat' dir='ltr'><strong>Vrtem.</strong></span> <span class='ocrx_word' id='word_1_222' title='bbox 1024 2997 1112 3066; x_wconf 88' lang='lat' dir='ltr'><strong>Uilla</strong></span> <span class='ocrx_word' id='word_1_223' title='bbox 1128 3017 1190 3082; x_wconf 86' lang='lat' dir='ltr'><strong>que</strong></span> <span class='ocrx_word' id='word_1_224' title='bbox 1208 3005 1341 3065; x_wconf 87' lang='lat' dir='ltr'><strong>uocatur</strong></span> <span class='ocrx_word' id='word_1_225' title='bbox 1358 2993 1432 3062; x_wconf 84' lang='lat' dir='ltr'><strong>Ocol</strong></span> 
     </span>
    </p>
   </div>
   <div class='ocr_carea' id='block_1_3' title="bbox 182 3103 1432 3300">
    <p class='ocr_par' dir='ltr' id='par_1_3' title="bbox 182 3103 1432 3300">
     <span class='ocr_line' id='line_1_26' title="bbox 186 3103 1432 3193; baseline -0.002 -21"><span class='ocrx_word' id='word_1_226' title='bbox 186 3115 197 3130; x_wconf 95' lang='lat'>&#39;</span> <span class='ocrx_word' id='word_1_227' title='bbox 320 3107 439 3174; x_wconf 88' lang='lat' dir='ltr'><strong>circum</strong></span> <span class='ocrx_word' id='word_1_228' title='bbox 455 3107 643 3174; x_wconf 90' lang='lat' dir='ltr'><strong>terminatur</strong></span> <span class='ocrx_word' id='word_1_229' title='bbox 659 3105 762 3173; x_wconf 83' lang='lat' dir='ltr'><strong>siluis·</strong></span> <span class='ocrx_word' id='word_1_230' title='bbox 787 3108 1020 3174; x_wconf 86' lang='lat' dir='ltr'><strong>Duodecimum</strong></span> <span class='ocrx_word' id='word_1_231' title='bbox 1050 3105 1196 3193; x_wconf 87' lang='lat' dir='ltr'><strong>predium</strong></span> <span class='ocrx_word' id='word_1_232' title='bbox 1228 3107 1314 3190; x_wconf 91' lang='lat' dir='ltr'><strong>quod</strong></span> <span class='ocrx_word' id='word_1_233' title='bbox 1344 3103 1432 3173; x_wconf 89' lang='lat' dir='ltr'><strong>dedit</strong></span> 
     </span>
     <span class='ocr_line' id='line_1_27' title="bbox 182 3211 1429 3300; baseline -0.002 -20"><span class='ocrx_word' id='word_1_234' title='bbox 182 3271 186 3280; x_wconf 92' lang='lat'>.</span> <span class='ocrx_word' id='word_1_235' title='bbox 317 3213 465 3283; x_wconf 83' lang='lat' dir='ltr'><strong>Andreas</strong></span> <span class='ocrx_word' id='word_1_236' title='bbox 480 3213 661 3300; x_wconf 81' lang='lat' dir='ltr'><strong>Episcopus</strong></span> <span class='ocrx_word' id='word_1_237' title='bbox 677 3215 711 3280; x_wconf 92' lang='lat' dir='ltr'><strong>in</strong></span> <span class='ocrx_word' id='word_1_238' title='bbox 726 3214 889 3280; x_wconf 85' lang='lat' dir='ltr'><strong>Feldooar</strong></span> <span class='ocrx_word' id='word_1_239' title='bbox 904 3217 1085 3284; x_wconf 86' lang='lat' dir='ltr'><strong>continetur</strong></span> <span class='ocrx_word' id='word_1_240' title='bbox 1101 3235 1173 3282; x_wconf 89' lang='lat' dir='ltr'><strong>eum</strong></span> <span class='ocrx_word' id='word_1_241' title='bbox 1197 3233 1257 3282; x_wconf 83' lang='lat' dir='ltr'><strong>sex</strong></span> <span class='ocrx_word' id='word_1_242' title='bbox 1283 3211 1429 3282; x_wconf 88' lang='lat' dir='ltr'><strong>cumulis.</strong></span> 
     </span>
    </p>
   </div>
   <div class='ocr_carea' id='block_1_4' title="bbox 234 3321 1430 4386">
    <p class='ocr_par' dir='ltr' id='par_1_4' title="bbox 234 3321 1430 4386">
     <span class='ocr_line' id='line_1_28' title="bbox 234 3321 1430 3421; baseline -0.003 -30"><span class='ocrx_word' id='word_1_243' title='bbox 234 3341 244 3421; x_wconf 47' lang='lat'><strong>1,</strong></span> <span class='ocrx_word' id='word_1_244' title='bbox 317 3325 355 3391; x_wconf 91' lang='lat' dir='ltr'><strong>In</strong></span> <span class='ocrx_word' id='word_1_245' title='bbox 370 3325 450 3390; x_wconf 89' lang='lat' dir='ltr'><strong>nilla</strong></span> <span class='ocrx_word' id='word_1_246' title='bbox 465 3321 558 3389; x_wconf 79' lang='lat' dir='ltr'><strong>Tuel.</strong></span> <span class='ocrx_word' id='word_1_247' title='bbox 581 3325 619 3388; x_wconf 94' lang='lat' dir='ltr'><strong>In</strong></span> <span class='ocrx_word' id='word_1_248' title='bbox 635 3325 759 3408; x_wconf 80' lang='lat' dir='ltr'><strong>Meges.</strong></span> <span class='ocrx_word' id='word_1_249' title='bbox 785 3325 823 3390; x_wconf 92' lang='lat' dir='ltr'><strong>In</strong></span> <span class='ocrx_word' id='word_1_250' title='bbox 839 3325 992 3408; x_wconf 78' lang='lat' dir='ltr'><strong>P1eneeg.</strong></span> <span class='ocrx_word' id='word_1_251' title='bbox 1019 3325 1058 3390; x_wconf 92' lang='lat' dir='ltr'><strong>In</strong></span> <span class='ocrx_word' id='word_1_252' title='bbox 1072 3323 1188 3391; x_wconf 83' lang='lat' dir='ltr'><strong>Bnlda.</strong></span> <span class='ocrx_word' id='word_1_253' title='bbox 1213 3325 1252 3389; x_wconf 92' lang='lat' dir='ltr'><strong>In</strong></span> <span class='ocrx_word' id='word_1_254' title='bbox 1267 3323 1365 3389; x_wconf 88' lang='lat' dir='ltr'><strong>Nulu.</strong></span> <span class='ocrx_word' id='word_1_255' title='bbox 1392 3323 1430 3388; x_wconf 93' lang='lat' dir='ltr'><strong>In</strong></span> 
     </span>
     <span class='ocr_line' id='line_1_29' title="bbox 243 3424 1428 3518; baseline -0.002 -20"><span class='ocrx_word' id='word_1_256' title='bbox 243 3424 259 3490; x_wconf 56' lang='grc' dir='ltr'><strong>ἰ</strong></span> <span class='ocrx_word' id='word_1_257' title='bbox 317 3429 448 3498; x_wconf 80' lang='lat' dir='ltr'><strong>&#39;leriam</strong></span> <span class='ocrx_word' id='word_1_258' title='bbox 460 3433 499 3498; x_wconf 95' lang='lat' dir='ltr'><strong>In</strong></span> <span class='ocrx_word' id='word_1_259' title='bbox 509 3433 600 3498; x_wconf 84' lang='lat' dir='ltr'><strong>Clnn.</strong></span> <span class='ocrx_word' id='word_1_260' title='bbox 611 3430 800 3500; x_wconf 84' lang='lat' dir='ltr'><strong>InUuertie.</strong></span> <span class='ocrx_word' id='word_1_261' title='bbox 811 3433 848 3498; x_wconf 90' lang='lat' dir='ltr'><strong>In</strong></span> <span class='ocrx_word' id='word_1_262' title='bbox 859 3431 1027 3499; x_wconf 84' lang='lat' dir='ltr'><strong>Zaczardi.</strong></span> <span class='ocrx_word' id='word_1_263' title='bbox 1040 3435 1076 3498; x_wconf 93' lang='lat' dir='ltr'><strong>In</strong></span> <span class='ocrx_word' id='word_1_264' title='bbox 1086 3432 1227 3518; x_wconf 91' lang='lat' dir='ltr'><strong>Hongin.</strong></span> <span class='ocrx_word' id='word_1_265' title='bbox 1238 3433 1277 3497; x_wconf 90' lang='lat' dir='ltr'><strong>In</strong></span> <span class='ocrx_word' id='word_1_266' title='bbox 1288 3430 1428 3500; x_wconf 87' lang='lat' dir='ltr'><strong>Plolrnic.</strong></span> 
     </span>
     <span class='ocr_line' id='line_1_30' title="bbox 317 3531 1429 3626; baseline 0 -22"><span class='ocrx_word' id='word_1_267' title='bbox 317 3539 355 3604; x_wconf 92' lang='lat' dir='ltr'><strong>In</strong></span> <span class='ocrx_word' id='word_1_268' title='bbox 370 3537 492 3606; x_wconf 84' lang='lat' dir='ltr'><strong>Bribin.</strong></span> <span class='ocrx_word' id='word_1_269' title='bbox 516 3540 554 3606; x_wconf 92' lang='lat' dir='ltr'><strong>In</strong></span> <span class='ocrx_word' id='word_1_270' title='bbox 580 3540 702 3626; x_wconf 86' lang='lat' dir='ltr'><strong>Sumig.</strong></span> <span class='ocrx_word' id='word_1_271' title='bbox 719 3531 765 3608; x_wconf 80' lang='lat' dir='ltr'><strong>¹In</strong></span> <span class='ocrx_word' id='word_1_272' title='bbox 780 3539 960 3606; x_wconf 86' lang='lat' dir='ltr'><strong>Nandnrdi.</strong></span> <span class='ocrx_word' id='word_1_273' title='bbox 986 3541 1025 3605; x_wconf 94' lang='lat' dir='ltr'><strong>ln</strong></span> <span class='ocrx_word' id='word_1_274' title='bbox 1041 3539 1203 3606; x_wconf 88' lang='lat' dir='ltr'><strong>Unindim.</strong></span> <span class='ocrx_word' id='word_1_275' title='bbox 1228 3542 1266 3606; x_wconf 91' lang='lat' dir='ltr'><strong>ln</strong></span> <span class='ocrx_word' id='word_1_276' title='bbox 1282 3540 1429 3606; x_wconf 89' lang='lat' dir='ltr'><strong>omnibns</strong></span> 
     </span>
     <span class='ocr_line' id='line_1_31' title="bbox 315 3645 1428 3733; baseline 0.002 -22"><span class='ocrx_word' id='word_1_277' title='bbox 315 3645 368 3712; x_wconf 88' lang='lat' dir='ltr'><strong>his</strong></span> <span class='ocrx_word' id='word_1_278' title='bbox 383 3647 578 3733; x_wconf 87' lang='lat' dir='ltr'><strong>supradietis</strong></span> <span class='ocrx_word' id='word_1_279' title='bbox 596 3647 685 3715; x_wconf 87' lang='lat' dir='ltr'><strong>uillis</strong></span> <span class='ocrx_word' id='word_1_280' title='bbox 702 3649 895 3732; x_wconf 90' lang='lat' dir='ltr'><strong>ubicumque</strong></span> <span class='ocrx_word' id='word_1_281' title='bbox 912 3655 987 3714; x_wconf 91' lang='lat' dir='ltr'><strong>sunt</strong></span> <span class='ocrx_word' id='word_1_282' title='bbox 1002 3647 1126 3715; x_wconf 82' lang='lat' dir='ltr'><strong>familie</strong></span> <span class='ocrx_word' id='word_1_283' title='bbox 1141 3648 1255 3716; x_wconf 81' lang='lat' dir='ltr'><strong>Sancti</strong></span> <span class='ocrx_word' id='word_1_284' title='bbox 1270 3647 1428 3730; x_wconf 85' lang='lat' dir='ltr'><strong>Maurieii,</strong></span> 
     </span>
     <span class='ocr_line' id='line_1_32' title="bbox 317 3715 1427 3839; baseline 0.002 -19"><span class='ocrx_word' id='word_1_285' title='bbox 317 3773 429 3822; x_wconf 88' lang='lat' dir='ltr'><strong>omnes</strong></span> <span class='ocrx_word' id='word_1_286' title='bbox 444 3755 570 3822; x_wconf 82' lang='lat' dir='ltr'><strong>mixtim</strong></span> <span class='ocrx_word' id='word_1_287' title='bbox 587 3715 708 3822; x_wconf 61' lang='lat' dir='ltr'><strong>liabent</strong></span> <span class='ocrx_word' id='word_1_288' title='bbox 727 3776 833 3839; x_wconf 87' lang='lat' dir='ltr'><strong>agros,</strong></span> <span class='ocrx_word' id='word_1_289' title='bbox 858 3755 967 3822; x_wconf 84' lang='lat' dir='ltr'><strong>fenum</strong></span> <span class='ocrx_word' id='word_1_290' title='bbox 992 3763 1026 3822; x_wconf 90' lang='lat' dir='ltr'><strong>et</strong></span> <span class='ocrx_word' id='word_1_291' title='bbox 1050 3757 1160 3824; x_wconf 90' lang='lat' dir='ltr'><strong>omnia</strong></span> <span class='ocrx_word' id='word_1_292' title='bbox 1184 3757 1229 3823; x_wconf 87' lang='lat' dir='ltr'><strong>ad</strong></span> <span class='ocrx_word' id='word_1_293' title='bbox 1253 3757 1427 3824; x_wconf 89' lang='lat' dir='ltr'><strong>humanum</strong></span> 
     </span>
     <span class='ocr_line' id='line_1_33' title="bbox 317 3865 1427 3953; baseline -0.001 -21"><span class='ocrx_word' id='word_1_294' title='bbox 317 3885 409 3933; x_wconf 88' lang='lat' dir='ltr'><strong>usum</strong></span> <span class='ocrx_word' id='word_1_295' title='bbox 425 3866 641 3953; x_wconf 87' lang='lat' dir='ltr'><strong>competentia</strong></span> <span class='ocrx_word' id='word_1_296' title='bbox 660 3884 732 3930; x_wconf 90' lang='lat' dir='ltr'><strong>cnm</strong></span> <span class='ocrx_word' id='word_1_297' title='bbox 747 3865 879 3932; x_wconf 87' lang='lat' dir='ltr'><strong>uillanis</strong></span> <span class='ocrx_word' id='word_1_298' title='bbox 904 3866 1156 3948; x_wconf 85' lang='lat' dir='ltr'><strong>uniuscuiusque</strong></span> <span class='ocrx_word' id='word_1_299' title='bbox 1170 3865 1248 3931; x_wconf 88' lang='lat' dir='ltr'><strong>uille</strong></span> <span class='ocrx_word' id='word_1_300' title='bbox 1263 3865 1335 3933; x_wconf 86' lang='lat' dir='ltr'><strong>sine</strong></span> <span class='ocrx_word' id='word_1_301' title='bbox 1350 3885 1427 3950; x_wconf 91' lang='lat' dir='ltr'><strong>pon·</strong></span> 
     </span>
     <span class='ocr_line' id='line_1_34' title="bbox 316 3973 1427 4059; baseline -0.005 -16"><span class='ocrx_word' id='word_1_302' title='bbox 316 3976 392 4044; x_wconf 90' lang='lat' dir='ltr'><strong>dere</strong></span> <span class='ocrx_word' id='word_1_303' title='bbox 409 3977 601 4044; x_wconf 87' lang='lat' dir='ltr'><strong>seruiturum</strong></span> <span class='ocrx_word' id='word_1_304' title='bbox 616 3975 723 4058; x_wconf 77' lang='lat' dir='ltr'><strong>Regis.</strong></span> <span class='ocrx_word' id='word_1_305' title='bbox 747 3975 809 4040; x_wconf 87' lang='lat' dir='ltr'><strong>Hie</strong></span> <span class='ocrx_word' id='word_1_306' title='bbox 832 3981 906 4042; x_wconf 89' lang='lat' dir='ltr'><strong>sunt</strong></span> <span class='ocrx_word' id='word_1_307' title='bbox 931 3975 1042 4042; x_wconf 87' lang='lat' dir='ltr'><strong>liberi:</strong></span> <span class='ocrx_word' id='word_1_308' title='bbox 1068 3973 1181 4059; x_wconf 82' lang='lat' dir='ltr'><strong>Oupon</strong></span> <span class='ocrx_word' id='word_1_309' title='bbox 1205 3993 1313 4041; x_wconf 88' lang='lat' dir='ltr'><strong>comes</strong></span> <span class='ocrx_word' id='word_1_310' title='bbox 1338 3992 1427 4040; x_wconf 92' lang='lat' dir='ltr'><strong>mon·</strong></span> 
     </span>
     <span class='ocr_line' id='line_1_35' title="bbox 315 4080 1426 4168; baseline -0.003 -17"><span class='ocrx_word' id='word_1_311' title='bbox 315 4086 451 4153; x_wconf 86' lang='lat' dir='ltr'><strong>nasterii</strong></span> <span class='ocrx_word' id='word_1_312' title='bbox 474 4083 569 4168; x_wconf 86' lang='lat' dir='ltr'><strong>Batii,</strong></span> <span class='ocrx_word' id='word_1_313' title='bbox 596 4083 686 4148; x_wconf 90' lang='lat' dir='ltr'><strong>cuius</strong></span> <span class='ocrx_word' id='word_1_314' title='bbox 710 4080 793 4148; x_wconf 86' lang='lat' dir='ltr'><strong>filins</strong></span> <span class='ocrx_word' id='word_1_315' title='bbox 816 4083 936 4148; x_wconf 87' lang='lat' dir='ltr'><strong>Paulus</strong></span> <span class='ocrx_word' id='word_1_316' title='bbox 967 4082 1073 4150; x_wconf 84' lang='lat' dir='ltr'><strong>Jndex</strong></span> <span class='ocrx_word' id='word_1_317' title='bbox 1103 4081 1214 4166; x_wconf 88' lang='lat' dir='ltr'><strong>Regis,</strong></span> <span class='ocrx_word' id='word_1_318' title='bbox 1247 4090 1280 4148; x_wconf 86' lang='lat' dir='ltr'><strong>et</strong></span> <span class='ocrx_word' id='word_1_319' title='bbox 1310 4081 1426 4148; x_wconf 81' lang='lat' dir='ltr'><strong>Comes</strong></span> 
     </span>
     <span class='ocr_line' id='line_1_36' title="bbox 315 4187 1425 4276; baseline -0.002 -20"><span class='ocrx_word' id='word_1_320' title='bbox 315 4191 444 4275; x_wconf 63' lang='lat' dir='ltr'><strong>Mon-7</strong></span> <span class='ocrx_word' id='word_1_321' title='bbox 462 4190 538 4258; x_wconf 89' lang='lat' dir='ltr'><strong>Vtih</strong></span> <span class='ocrx_word' id='word_1_322' title='bbox 553 4208 670 4272; x_wconf 87' lang='lat' dir='ltr'><strong>comcs,</strong></span> <span class='ocrx_word' id='word_1_323' title='bbox 687 4189 874 4272; x_wconf 86' lang='lat' dir='ltr'><strong>Panaciadi,</strong></span> <span class='ocrx_word' id='word_1_324' title='bbox 892 4187 1065 4276; x_wconf 83' lang='lat' dir='ltr'><strong>Fontoydi,</strong></span> <span class='ocrx_word' id='word_1_325' title='bbox 1076 4192 1222 4274; x_wconf 78' lang='lat' dir='ltr'><strong>Cosmus,</strong></span> <span class='ocrx_word' id='word_1_326' title='bbox 1235 4190 1425 4272; x_wconf 84' lang='lat' dir='ltr'><strong>Damianos,</strong></span> 
     </span>
     <span class='ocr_line' id='line_1_37' title="bbox 313 4297 1423 4386; baseline 0.004 -24"><span class='ocrx_word' id='word_1_327' title='bbox 313 4298 427 4382; x_wconf 87' lang='lat' dir='ltr'><strong>Bunal,</strong></span> <span class='ocrx_word' id='word_1_328' title='bbox 443 4297 585 4381; x_wconf 83' lang='lat' dir='ltr'><strong>Zorosdi,</strong></span> <span class='ocrx_word' id='word_1_329' title='bbox 604 4297 721 4383; x_wconf 82' lang='lat' dir='ltr'><strong>Genua,</strong></span> <span class='ocrx_word' id='word_1_330' title='bbox 738 4298 757 4365; x_wconf 89' lang='lat' dir='ltr'>J</span> <span class='ocrx_word' id='word_1_331' title='bbox 761 4317 833 4380; x_wconf 87' lang='lat' dir='ltr'><strong>uan,</strong></span> <span class='ocrx_word' id='word_1_332' title='bbox 851 4298 1002 4382; x_wconf 81' lang='lat' dir='ltr'><strong>Grossus,</strong></span> <span class='ocrx_word' id='word_1_333' title='bbox 1018 4299 1123 4385; x_wconf 87' lang='lat' dir='ltr'><strong>Ynen,</strong></span> <span class='ocrx_word' id='word_1_334' title='bbox 1143 4300 1272 4386; x_wconf 82' lang='lat' dir='ltr'><strong>Scenyl.</strong></span> <span class='ocrx_word' id='word_1_335' title='bbox 1289 4297 1423 4386; x_wconf 77' lang='lat' dir='ltr'><strong>Eltyldi,</strong></span> 
     </span>
    </p>
   </div>
   <div class='ocr_carea' id='block_1_5' title="bbox 201 4405 1423 4498">
    <p class='ocr_par' dir='ltr' id='par_1_5' title="bbox 201 4405 1423 4498">
     <span class='ocr_line' id='line_1_38' title="bbox 201 4405 1423 4498; baseline 0.003 -28"><span class='ocrx_word' id='word_1_336' title='bbox 201 4490 204 4498; x_wconf 21' lang='grc' dir='ltr'>ι</span> <span class='ocrx_word' id='word_1_337' title='bbox 313 4405 427 4487; x_wconf 82' lang='lat' dir='ltr'><strong>Laodi,</strong></span> <span class='ocrx_word' id='word_1_338' title='bbox 449 4407 550 4491; x_wconf 84' lang='lat' dir='ltr'><strong>Bene,</strong></span> <span class='ocrx_word' id='word_1_339' title='bbox 565 4437 608 4454; x_wconf 58' lang='lat' dir='ltr'><strong>a·</strong></span> <span class='ocrx_word' id='word_1_340' title='bbox 624 4441 667 4453; x_wconf 95' lang='lat'><em>-</em></span> <span class='ocrx_word' id='word_1_341' title='bbox 683 4439 727 4453; x_wconf 88' lang='lat'><em>-</em></span> <span class='ocrx_word' id='word_1_342' title='bbox 752 4405 819 4489; x_wconf 88' lang='lat' dir='ltr'><strong>Sol,</strong></span> <span class='ocrx_word' id='word_1_343' title='bbox 843 4405 1009 4492; x_wconf 74' lang='lat' dir='ltr'><strong>Matiene,</strong></span> <span class='ocrx_word' id='word_1_344' title='bbox 1036 4406 1134 4474; x_wconf 89' lang='lat' dir='ltr'><strong>Ohnr.</strong></span> <span class='ocrx_word' id='word_1_345' title='bbox 1158 4407 1214 4474; x_wconf 87' lang='lat' dir='ltr'><strong>Hii</strong></span> <span class='ocrx_word' id='word_1_346' title='bbox 1238 4410 1423 4492; x_wconf 84' lang='lat' dir='ltr'><strong>equitantes</strong></span> 
     </span>
    </p>
   </div>
   <div class='ocr_carea' id='block_1_6' title="bbox 313 4513 1425 4724">
    <p class='ocr_par' dir='ltr' id='par_1_6' title="bbox 313 4513 1425 4724">
     <span class='ocr_line' id='line_1_39' title="bbox 315 4513 1424 4600; baseline 0.005 -21"><span class='ocrx_word' id='word_1_347' title='bbox 315 4532 386 4580; x_wconf 89' lang='lat' dir='ltr'><strong>cnm</strong></span> <span class='ocrx_word' id='word_1_348' title='bbox 402 4513 530 4580; x_wconf 83' lang='lat' dir='ltr'><strong>Abbate</strong></span> <span class='ocrx_word' id='word_1_349' title='bbox 546 4523 580 4581; x_wconf 81' lang='lat' dir='ltr'><strong>et</strong></span> <span class='ocrx_word' id='word_1_350' title='bbox 595 4513 759 4598; x_wconf 84' lang='lat' dir='ltr'><strong>fratribus,</strong></span> <span class='ocrx_word' id='word_1_351' title='bbox 779 4523 911 4582; x_wconf 87' lang='lat' dir='ltr'><strong>arantes</strong></span> <span class='ocrx_word' id='word_1_352' title='bbox 927 4515 1033 4582; x_wconf 90' lang='lat' dir='ltr'><strong>dietas</strong></span> <span class='ocrx_word' id='word_1_353' title='bbox 1049 4517 1185 4583; x_wconf 88' lang='lat' dir='ltr'><strong>duarum</strong></span> <span class='ocrx_word' id='word_1_354' title='bbox 1209 4515 1343 4600; x_wconf 91' lang='lat' dir='ltr'><strong>dierum,</strong></span> <span class='ocrx_word' id='word_1_355' title='bbox 1359 4538 1424 4586; x_wconf 63' lang='lat' dir='ltr'><strong>mee</strong></span> 
     </span>
     <span class='ocr_line' id='line_1_40' title="bbox 313 4619 1425 4724; baseline 0.003 -38"><span class='ocrx_word' id='word_1_356' title='bbox 313 4627 420 4724; x_wconf 82' lang='lat' dir='ltr'><strong>tentes</strong></span> <span class='ocrx_word' id='word_1_357' title='bbox 436 4619 529 4688; x_wconf 87' lang='lat' dir='ltr'><strong>simul</strong></span> <span class='ocrx_word' id='word_1_358' title='bbox 545 4641 609 4690; x_wconf 89' lang='lat' dir='ltr'><strong>una</strong></span> <span class='ocrx_word' id='word_1_359' title='bbox 625 4622 687 4707; x_wconf 90' lang='lat' dir='ltr'><strong>dle,</strong></span> <span class='ocrx_word' id='word_1_360' title='bbox 705 4623 879 4690; x_wconf 82' lang='lat' dir='ltr'><strong>trahentes</strong></span> <span class='ocrx_word' id='word_1_361' title='bbox 896 4625 1004 4690; x_wconf 88' lang='lat' dir='ltr'><strong>uinum</strong></span> <span class='ocrx_word' id='word_1_362' title='bbox 1030 4627 1131 4692; x_wconf 88' lang='lat' dir='ltr'><strong>semel</strong></span> <span class='ocrx_word' id='word_1_363' title='bbox 1154 4645 1214 4712; x_wconf 89' lang='lat' dir='ltr'><strong>per</strong></span> <span class='ocrx_word' id='word_1_364' title='bbox 1237 4645 1367 4708; x_wconf 88' lang='lat' dir='ltr'><strong>anunm,</strong></span> <span class='ocrx_word' id='word_1_365' title='bbox 1392 4631 1425 4692; x_wconf 87' lang='lat' dir='ltr'><strong>et</strong></span> 
     </span>
    </p>
   </div>
   <div class='ocr_carea' id='block_1_7' title="bbox 0 0 1622 5072">
    <p class='ocr_par' dir='ltr' id='par_1_7' title="bbox 0 0 1622 5072">
     <span class='ocr_line' id='line_1_41' title="bbox 0 0 1622 5072; baseline 0 5"><span class='ocrx_word' id='word_1_366' title='bbox 0 0 1622 5072; x_wconf 95' lang='lat' dir='ltr'><strong> </strong></span> 
     </span>
    </p>
   </div>
  </div>
 </body>
</html>
