3214 5072
428 977 561 1064 Gerpely
581 980 658 1063 prof
673 976 890 1078 odprcadclctc.
916 979 1012 1042 1168.

265 1155 435 1224 Uniuersis
449 1153 570 1223 Christi
584 1154 742 1239 fidelibuS,
759 1156 1006 1238 quibuscunque
1033 1175 1169 1242 presens
1186 1155 1276 1224 'scri-

160 1269 248 1348 ptum
264 1263 365 1332 inerit
380 1269 611 1351 presentatum,
629 1263 718 1330 salus
735 1270 858 1347 eterna,
875 1271 907 1329 ct
922 1283 989 1350 pax
1004 1264 1038 1331 in
1054 1285 1093 1332 eo
1110 1266 1165 1348 qui
1181 1265 1281 1334 omni·

158 1391 210 1438 um
240 1373 385 1438 salutem·
412 1378 563 1462 operatus
594 1378 644 1436 est
674 1371 706 1434 in
740 1377 826 1438 terra
858 1371 1092 1455 multipliciter.
1116 1373 1276 1440 Nouerint

161 1479 302 1547 uniuerrd
317 1479 371 1566 pie
388 1499 427 1546 ac
444 1479 560 1569 deuote
576 1478 703 1544 Christo
719 1469 925 1576 famulantes,
944 1478 1030 1560 quod
1054 1480 1127 1564 Ego
1153 1481 1280 1566 erugo·

161 1585 234 1670 rios,
253 1587 417 1670 quondam
428 1585 554 1670 Comes,
570 1586 654 1652 filius
668 1585 757 1652 Beue
774 1585 917 1669 Comitis,
928 1587 1138 1671 possessione
1155 1597 1188 1656 et
1204 1590 1275 1655 loeo
1400 1609 1403 1633 ·

160 1693 243 1762 infra
259 1695 381 1762 siluam
397 1693 540 1779 Boohon,
557 1700 674 1780 optans
690 1712 730 1760 ac
741 1693 872 1777 eligens
888 1693 994 1758 locum
1014 1713 1087 1761 mee
1115 1698 1281 1782 sepulture

159 1802 244 1886 apud
259 1805 489 1870 monasterium
505 1805 601 1872 Beati
624 1801 773 1868 Mauricii
790 1803 822 1866 in
847 1802 937 1884 Beel‚
964 1821 1036 1868 cum
1061 1803 1148 1871 uiam
1173 1805 1281 1895 carnis

159 1901 333 1992 egrederer
358 1914 506 1978 uniuerso
517 1962 526 1996 ‚
552 1916 685 1996 propter
709 1908 859 1974 intuitum
886 1916 919 1974 et
944 1910 1151 1978 sanctitatem
1176 1913 1281 1996 ipsius

159 2017 239 2100 loci3
255 2015 319 2084 hac
334 2019 433 2099 igitur
450 2040 490 2085 ex
507 2037 619 2100 causa,
637 2035 757 2083 canens
781 2016 859 2082 milri
876 2015 910 2082 in
927 2015 1078 2099 futurum,
1106 2040 1146 2086 ne
1172 2021 1281 2088 future

160 2124 326 2191 felicitatis
342 2125 596 2212 participatione
612 2125 768 2209 priuarer,
780 2123 838 2188 sed
854 2143 910 2209 per
926 2126 1095 2194 oraciones
1121 2127 1281 2212 prenomi-
1405 2109 1408 2127 ’

159 2233 227 2300 nati
243 2235 434 2301 monasterii
448 2233 674 2300 remissionem
690 2239 896 2316 peceatorum
913 2253 1056 2300 meorum
1071 2235 1186 2301 merito
1202 2255 1278 2320 pos·

160 2340 219 2408 sim
244 2342 420 2427 optimerc;
445 2361 486 2408 err
501 2341 552 2407 his
568 2342 675 2426 igitur,
702 2359 764 2422 que
781 2338 852 2405 Deo
869 2339 968 2406 dante
983 2343 1106 2409 habere
1122 2351 1280 2429 poteram,

160 2450 280 2516 contuli
297 2449 403 2516 cidem
415 2452 614 2534 monasterio
631 2449 744 2516 Sancti
765 2449 911 2515 Mauricii
927 2451 968 2516 de
987 2451 1067 2518 Bcel
1092 2471 1189 2518 unum
1214 2470 1279 2518 scr·

158 2577 232 2623 uum
263 2557 394 2622 nomine
410 2557 518 2644 Pythy
533 2557 592 2624 tali
608 2555 734 2622 scilicet
751 2555 970 2640 condicoione,
987 2559 1066 2622 utin
1083 2558 1232 2644 Abbatis,
1248 2564 1282 2624 et

158 2665 292 2731 fratrum
311 2665 528 2750 prenominati
544 2664 735 2732 monasterii
750 2663 895 2747 pendeat
919 2665 1062 2750 arbitrio,
1088 2666 1122 2730 in
1147 2667 1277 2747 qualem

159 2773 342 2839 libertatem
358 2773 412 2840 rel
427 2755 598 2840 seruioium
613 2772 656 2838 ad
676 2771 849 2837 utilitatem
874 2778 906 2838 et
931 2781 1138 2855 augmentum
1164 2771 1281 2840 Ilccle-
1312 2777 1314 2780 ’

158 2881 203 2948 sie
233 2879 374 2948 eundem
390 2883 583 2948 constituere
600 2881 813 2948 decreuerint.
835 2881 885 2948 Ne
901 2881 1000 2966 igitur
1016 2889 1195 2968 temporum
1211 2900 1280 2948 sue-

158 2991 305 3057 cessione
321 2989 439 3072 aliquis
456 2989 531 3057 huic
545 2995 656 3057 nostre
672 2989 846 3056 donacioni
870 2989 1052 3058 contrarius
1078 2993 1183 3077 possit
1212 2983 1279 3058 exi·
1307 3063 1309 3068 ,

157 3104 253 3184 stere,
269 3096 330 3165 sed
345 3105 380 3162 ut
394 3099 499 3182 magis
516 3118 596 3166 sane
612 3104 644 3164 et
661 3099 772 3181 quiete
789 3098 900 3165 valeat
920 3118 1121 3183 permanere,
1146 3119 1279 3182 presen-

156 3216 221 3274 tem
251 3209 409 3293 paginam
438 3207 545 3292 sigillo
579 3205 857 3272 communiuimus.
896 3204 982 3272 Dedi
1013 3207 1113 3273 etiam
1144 3206 1279 3272 vineam

157 3334 255 3382 unam
269 3317 304 3382 in
319 3315 399 3382 villa
412 3315 575 3383 Soevlevs.
592 3315 685 3410 Anno
702 3313 834 3380 Domini
848 3311 902 3378 Μ0
916 3314 958 3380 0⁰
972 3312 1050 3378 LX⁰
1079 3319 1205 3379 octauo.

519 3525 576 3600 (Aa
593 3526 700 3584 eredcti
714 3487 796 3580 utan.
816 3527 921 3594 Caeci).
