3222 5054
817 346 979 450 joc-

342 548 456 616 stolicc
466 545 563 614 Sedis
579 543 706 613 indulta
722 542 919 610 sententiam
934 541 1276 610 excommunicationis
1292 549 1349 610 aut
1363 545 1464 610 inter-

343 655 422 722 dicti
452 653 711 741 presumpserint
740 650 966 734 promulgare‚
997 650 1053 716 rel
1077 650 1224 718 decimas
1248 651 1398 717 laborum
1424 652 1465 719 dc

338 762 603 849 possessionibus
618 759 740 826 habitis
760 765 836 823 antc
852 756 1023 824 concilium
1040 759 1205 843 generale,
1222 777 1306 842 quas
1321 759 1463 845 propriis

337 871 488 938 manibus
504 877 562 936 ant
577 868 758 954 sumptibus
773 865 937 950 excolunt,
962 883 1021 932 seu
1044 864 1249 933 nutrimentis
1272 867 1462 934 animalium

336 979 502 1066 ipsorum,
525 977 644 1062 spretis
660 974 848 1062 Apostolice
865 973 962 1042 Sedis
977 973 1158 1057 privilegiis
1173 981 1377 1059 extorquere,
1394 995 1459 1040 uro·

336 1086 459 1155 uitione
482 1085 654 1170 premissa,
679 1085 707 1150 si
731 1083 808 1150 laici
831 1081 971 1166 fuerint,
997 1081 1127 1166 publico
1143 1083 1290 1148 candelis
1309 1083 1460 1150 accensis

336 1194 457 1279 singuli
470 1199 616 1261 vestrum
631 1191 665 1256 in
680 1189 865 1260 diocesibus
882 1196 914 1256 et
929 1188 1094 1275 parochiis
1109 1191 1228 1256 vestris
1244 1193 1460 1258 excommuni-

261 1331 263 1335 ’
340 1302 478 1369 canonis
494 1301 658 1368 sententia
678 1299 885 1384 percellatis3
909 1299 1031 1364 sivero
1048 1298 1159 1365 clerici
1175 1299 1228 1365 vel
1244 1299 1396 1365 canonici
1411 1319 1457 1365 re-

339 1409 471 1496 gulares
495 1427 554 1476 seu
573 1407 725 1474 monachi
744 1407 879 1489 fuerint,
897 1424 955 1473 eos
971 1405 1193 1492 appellatione
1210 1409 1334 1473 remota
1353 1406 1397 1473 ab
1413 1406 1459 1472 of·

335 1517 409 1585 flcio
426 1525 459 1583 ct
473 1514 631 1584 beneficio
648 1514 877 1600 suspendatis3
895 1519 1046 1581 neumam
1068 1515 1247 1582 relaxaturi
1264 1515 1459 1580 scnmntiam

335 1626 439 1694 donec
463 1623 620 1712 predictis
642 1623 797 1691 fratribus
821 1623 970 1712 plenarie
993 1623 1210 1706 satisfaciant,
1235 1629 1268 1689 ct
1290 1629 1358 1689 tam
1381 1622 1459 1688 laici

336 1753 434 1818 quam
451 1733 561 1801 clerici
576 1733 751 1816 seculares,
770 1733 825 1816 qui
841 1752 900 1816 pro
911 1732 1055 1799 violenta
1069 1751 1220 1798 manuum
1237 1729 1410 1798 iniectione
1426 1732 1459 1795 in

335 1843 452 1910 tratres
467 1844 558 1929 ipsos
574 1842 627 1908 vcl
642 1842 785 1926 ipsorum
801 1840 945 1923 aliquem
961 1840 1183 1907 anmlcmatis
1199 1839 1326 1906 uinculo
1339 1837 1459 1906 fuerint

335 1950 483 2017 innodati
492 2001 502 2035 ‚
519 1969 591 2015 cum
608 1947 778 2014 diocesani
793 1948 949 2032 Episcopi
966 1947 1082 2014 litteris
1098 1946 1142 2014 ad
1158 1946 1279 2014 Sedem
1293 1948 1458 2032 Apostoli-

337 2077 409 2124 cam
433 2057 604 2125 venientes
630 2056 672 2120 ab
697 2053 812 2122 eodem
835 2055 965 2122 vinculo
989 2062 1152 2122 mereatur
1174 2055 1311 2123 absolvi.
1339 2055 1460 2122 Datum

339 2167 498 2234 Laterani
526 2164 585 2231 XI.
616 2163 781 2232 kalendas
812 2163 958 2250 Aprilis,
991 2163 1201 2232 Pontificatus
1232 2165 1336 2232 nostri
1374 2185 1459 2232 anno

334 2282 461 2361 quarto.

352 2537 409 2612 (Aa
422 2537 529 2593 eredeti
542 2533 612 2594 utdn
624 2536 704 2594 Becli
717 2539 797 2595 Fidei
811 2557 829 2594 a
839 2537 1116 2611 tudomdnytdrbun,
1138 2541 1168 2613 nj
1181 2537 1289 2614 t‘olyam
1302 2543 1366 2599 XV.
1379 2542 1439 2599 lot.

737 2627 839 2686 sunta
853 2628 932 2686 1844.
947 2631 1007 2687 rac.
1021 2629 1053 2704 t.)

763 2907 1024 2920 ——-..—..
