3214 5066
828 295 892 364 150

296 491 387 564 (Eueu
407 489 523 546 drdekos
545 487 629 562 papsi
648 488 781 548 levdlnck
809 491 959 549 kivonatdt
985 491 1099 550 kbnblts
1126 490 1188 548 mar
1218 491 1314 566 sejsr,
1344 493 1413 550 Cod.

296 580 374 652 Dipl.
393 579 442 633 111.
461 579 520 634 k‘o't.
541 580 566 636 1.
586 599 608 636 r.
627 579 688 635 232.
709 579 728 636 1.
748 579 853 636 Annak
866 581 951 654 egens
965 587 1087 653 snbvego
1106 579 1248 639 taldlhato
1271 583 1414 655 Bouquet-

296 669 343 727 ndl
362 671 411 724 111.
432 669 574 725 Honorius
595 669 698 725 levclei
717 670 797 736 bont,
818 670 865 738 SS.
884 691 921 725 rr.
941 669 1018 726 Gall.
1036 671 1116 726 XIX.
1145 671 1204 726 lxb't.
1224 669 1306 742 Paris
1328 674 1411 729 183³.

750 763 802 816 639
822 761 843 818 l.
862 764 967 832 Csecb).

297 1462 359 1527 ΙΙΙ.
376 1461 535 1528 Honorius
552 1467 644 1550 pdpo
669 1485 690 1527 a
714 1461 943 1550 panaocbolmc‘
973 1463 1192 1528 mcatmdctoai
1222 1465 1253 1527 dc
1281 1485 1302 1526 a
1326 1461 1416 1549 pictai

502 1571 674 1658 apdtsdpok
690 1571 775 1636 lebeti
787 1571 902 1658 perbene
916 1569 1100 1638 iotdzlccdik.
1117 1571 1214 1636 1218.

406 1749 569 1817 Honorius
587 1739 769 1838 Episcopus
795 1767 910 1816 sarnus
936 1767 1101 1816 seruorum
1125 1745 1198 1828 Dei,
1223 1748 1359 1818 Dilectis
1384 1751 1419 1818 fi-

301 1859 355 1924 liis
372 1907 378 1922 .
396 1907 404 1924 .
423 1906 430 1924 .
447 1857 568 1926 Abbati
596 1859 637 1924 de
663 1857 758 1924 Libin
784 1857 954 1924 Geuriens.
980 1854 1151 1922 Dioecesis
1168 1903 1175 1919 .
1193 1904 1201 1920 .
1219 1902 1227 1918 .
1244 1857 1418 1926 Archidia-

301 1987 393 2048 cono,
409 1972 463 2034 ct.
481 2016 488 2032 .
506 1967 638 2034 Cantori
655 1968 835 2050 Genriensi,
853 1963 997 2032 Salutem
1015 1971 1047 2029 et
1063 1963 1288 2047 Apostolicam
1319 1967 1420 2035 bene·

301 2075 500 2142 dictionem:
527 2075 646 2142 Dilecti
663 2073 721 2141 tilii
738 2123 745 2139 .
765 2074 902 2140 .Abbas
928 2077 960 2138 et
985 2070 1171 2137 Conuentus
1198 2071 1311 2138 Sancti
1334 2075 1419 2141 Mar-

301 2175 361 2248 tini
376 2181 417 2247 de
433 2181 601 2249 Pannonia
619 2201 679 2248 sua
694 2181 789 2247 nobis
806 2179 961 2265 petitione
979 2185 1205 2263 monstrarunt,
1230 2179 1316 2262 quod
1342 2201 1416 2248 cum

300 2289 405 2355 felicis
429 2287 664 2356 recordationis
698 2283 933 2374 I(nnooeutius)
949 2289 1042 2372 Papa
1066 2287 1278 2372 predecessor
1306 2299 1418 2358 noster

304 2416 449 2481 causam,
466 2415 528 2481 que
544 2397 629 2463 inter
640 2399 729 2483 ipsos
741 2405 877 2482 exparte
894 2415 968 2476 una,
981 2402 1012 2462 et
1029 2445 1035 2460 .
1055 2445 1062 2460 .
1079 2393 1239 2461 Abbatem
1257 2417 1419 2466 aemona-

303 2503 381 2570 obos
397 2503 437 2570 de
453 2503 520 2570 Pris
536 2489 762 2572 cisterciensis
779 2503 900 2570 ordinis
926 2501 1166 2589 vesprimensis
1192 2505 1345 2574 Diocesis
1377 2527 1420 2575 ex

302 2613 405 2680 altera
422 2632 519 2698 super
543 2612 737 2696 quibusdam
768 2611 901 2677 decimis
933 2617 965 2675 et
996 2613 1090 2679 rebus
1124 2613 1198 2680 aliis
1229 2614 1416 2681 uertitur..

302 2721 484 2787 venerabili
500 2719 613 2788 fratri.
632 2769 639 2785 .
657 2720 819 2804 Episcopo
836 2719 1006 2786 Gouriensi
1023 2727 1055 2784 et
1081 2719 1150 2786 eius
1175 2723 1309 2806 collegis
1336 2743 1419 2790 com-

303 2829 427 2896 miserit
443 2827 690 2911 terminandam,
707 2836 773 2893 tum
798 2833 931 2914 propter
956 2827 1157 2910 mandatoris
1182 2835 1326 2915 mortem,
1353 2839 1420 2896 tum

302 2935 380 3019 qnia
395 2933 543 3022 prefatus
571 2933 754 3020 Episcopus
781 2935 1014 3000 transfretasse
1039 2933 1156 3002 dicitur
1181 2937 1214 3002 in
1241 2939 1420 3004 subsidium

302 3050 386 3110 terre
403 3049 527 3126 sancte,
545 3061 606 3108 nec
621 3063 685 3108 non
717 3061 800 3126 unus
827 3043 1005 3108 coiudicum
1038 3043 1080 3108 nd
1111 3052 1222 3130 partes
1254 3046 1338 3111 alias
1372 3053 1423 3111 est

304 3152 494 3235 translatus,
510 3169 611 3215 causa
640 3149 713 3232 ipsa
729 3149 885 3216 remansit
909 3147 1064 3216 hactenus
1084 3149 1240 3219 indecisa.
1264 3152 1421 3219 Volentes

175 3330 184 3350 ,
303 3259 402 3344 igitur
417 3265 451 3323 ut
467 3257 540 3326 finis
557 3257 668 3322 litibus
685 3257 876 3342 imponatur,
901 3255 1089 3323 discretioni
1116 3269 1224 3326 uestro
1250 3279 1309 3344 per
1333 3262 1421 3348 Apo-

304 3368 421 3434 stolica
437 3367 560 3452 scripta
576 3365 779 3450 mandamus,
796 3364 951 3448 quatinus
968 3367 996 3430 si
1013 3372 1063 3431 est
1078 3366 1133 3451 ita,
1161 3385 1220 3432 nos
1244 3367 1279 3432 in
1304 3366 1419 3435 codem

306 3476 438 3560 negotio
454 3474 742 3560 iuxtaprecedens
761 3471 1001 3559 predecessoris
1026 3473 1126 3538 nostri
1150 3473 1337 3542 mandatnm
1364 3497 1420 3562 ap-

306 3583 481 3672 pellatione
509 3589 634 3648 remota
663 3584 788 3648 ratione
813 3581 928 3668 precia
953 3581 1149 3665 procedatis.
1186 3581 1279 3660 Quod
1303 3584 1331 3649 si
1356 3605 1422 3650 non

309 3709 422 3758 omnes
437 3690 501 3756 biis
518 3691 734 3774 excoquendis
754 3689 923 3774 potueritis
946 3689 1115 3772 interesse,
1134 3691 1197 3757 duo
1213 3697 1357 3756 uestrum
1382 3711 1424 3758 ea
1473 3755 1477 3762 .

287 3798 532 3866 nichilominus
550 3803 758 3884 exequantur.
779 3799 901 3862 Datum
916 3797 1069 3863 Laterani
1088 3797 1140 3862 VI.
1157 3797 1223 3864 kal·
1240 3797 1423 3884 Februarij.

253 3973 255 3980 ,
311 3905 527 3974 Pontificatns
544 3906 647 3974 nostri
663 3925 748 3972 anno
765 3905 916 3972 secundo.

468 4100 607 4176 (Ercdetie
627 4117 644 4155 a
662 4097 865 4157 saentmdrtoni
883 4095 1039 4174 fdapttsdg
1054 4096 1266 4170 levdltdrdban).

733 4377 967 4390 ——·——-....-....
