3222 5054
158 526 330 612 quemdam
358 528 564 596 manifestum
586 525 765 594 hereticum
792 527 936 596 Simonie
958 527 1038 597 nitio
1062 529 1227 597 mediante
1243 550 1281 598 se

158 635 193 701 in
213 635 413 724 Episcopum
437 637 623 722 procuranit
643 637 779 706 assumi.
805 639 848 704 nt
863 637 939 722 qnia
954 659 1017 724 qne
1033 639 1119 706 malo
1135 645 1210 706 sunt
1232 640 1279 706 in·

156 745 280 813 cboata
303 745 464 832 principio
488 745 545 811 nix
569 746 654 812 bono
672 746 762 813 exitu
785 745 974 831 pociuntur,
999 747 1082 832 ipse,
1106 747 1162 830 qni
1183 748 1281 814 uince

156 850 289 918 Domini
304 852 452 921 Sabaoth
467 851 602 919 deberet
618 852 721 919 cultor
735 851 824 920 utilis
840 853 997 939 inueniri,
1012 859 1046 921 et
1062 851 1199 922 subditis
1212 854 1281 921 anis
1379 879 1381 887 ¹

156 959 314 1049 prolicere
336 960 436 1028 uerbo
460 960 586 1046 pariter
607 967 642 1030 et
664 961 826 1048 exemplo,
850 961 973 1029 nnllnm
994 963 1029 1028 iu
1042 960 1205 1029 'Ecclesia
1220 980 1282 1030 sna

156 1069 304 1136 celebrat
327 1067 484 1135 Dininnm
499 1065 659 1154 officinm,
683 1087 744 1134 nco
764 1069 929 1139 ministrat
951 1067 1212 1138 ecclesiasticum
1227 1087 1280 1136 aa·

158 1180 379 1260 crementum,
393 1174 542 1262 adeoque
558 1175 663 1246 iactus
680 1193 755 1244 esse
770 1177 886 1245 dicitur
902 1178 945 1246 ab
962 1178 1198 1247 ecclesiasticis
1212 1175 1281 1244 offi-

157 1281 217 1350 ciis
233 1283 372 1366 alienus,
389 1281 475 1367 qnod
490 1283 647 1368 baptismi
663 1283 765 1350 forne
782 1283 911 1370 penitus
924 1292 975 1353 est
990 1285 1134 1370 ignarus,
1149 1305 1211 1352 nec
1224 1285 1281 1352 mi-

155 1409 246 1476 rum,
269 1390 374 1476 qnod,
401 1391 487 1458 sicut
509 1391 666 1459 asseritur
689 1411 762 1459 cum
785 1392 947 1463 hereticus
973 1394 1006 1463 in
1029 1394 1172 1479 quadam
1202 1391 1282 1459 villa

156 1507 299 1568 moretur
322 1507 355 1566 et
377 1499 511 1566 fratrem
529 1501 599 1567 eins
622 1502 787 1568 carnalem
813 1503 1021 1574 manifestum
1047 1503 1279 1583 heresiarcam,

156 1627 252 1691 quem
268 1605 404 1674 deberet
426 1607 469 1674 nb
484 1607 582 1675 inicio
603 1608 647 1674 ad
666 1607 754 1675 viam
777 1611 982 1677 rectitudinis
1004 1628 1170 1694 reuocare,
1193 1607 1280 1678 idem

156 1723 192 1782 ut
201 1717 232 1784 ei
245 1715 350 1800 possit
364 1716 446 1784 illud
458 1713 683 1802 propheticum
698 1715 871 1802 adaptari:
890 1720 1000 1803 „Sicut
1014 1718 1154 1805 populus
1169 1717 1218 1785 sic
1228 1734 1280 1783 aa

155 1823 305 1910 cerdos“,
319 1824 353 1890 in
369 1844 429 1892 sno
438 1843 548 1892 errore
563 1824 675 1892 foueat
689 1823 951 1912 dampnabiliter,
968 1831 1002 1893 et
1013 1825 1179 1894 defendat.
1195 1823 1280 1905 Quia

156 1931 253 2016 igitur
271 1931 413 2000 beenon
428 1929 552 2000 debent
567 1932 705 2014 relinqui
721 1933 928 2015 aliquatenus
944 1933 1145 2019 indiscussa,
1169 1935 1281 2020 utpote

155 2042 228 2106 Deo
238 2045 273 2108 ct
283 2039 468 2109 bominibus
478 2040 604 2124 odiosa,
621 2041 771 2106 nolentes
782 2041 1029 2109 descendereet
1039 2041 1162 2126 nidere,
1173 2047 1280 2108 utrum

153 2147 318 2234 premissa
334 2147 438 2214 dictus
455 2147 641 2234 Episcopus
663 2147 850 2233 impleuerit
865 2148 1006 2232 actione,
1022 2147 1210 2216 discretioni
1225 2167 1280 2216 nc-

155 2265 225 2324 stre
245 2275 306 2341 per
322 2257 514 2344 Apostolica
528 2259 653 2344 scripta
668 2257 861 2325 mandamns
871 2308 881 2344 ,
906 2256 1058 2345 quatinus
1080 2255 1281 2342 inquirentes

155 2364 334 2452 superbiis
350 2371 384 2431 et
398 2365 474 2432 aliis
490 2362 666 2450 diligenter
681 2365 872 2451 ueritatem,
889 2383 953 2448 qne
969 2365 1179 2450 inueneritis,
1203 2363 1282 2432 iide-

154 2473 231 2540 liter
252 2469 412 2558 redigatis
434 2475 468 2540 in
487 2473 643 2558 scriptum
653 2522 663 2556 ,
677 2477 710 2539 et
729 2473 789 2540 snb
806 2473 925 2542 nestris
941 2473 1061 2556 sigillis
1078 2470 1122 2539 ad
1136 2477 1280 2540 nostram

154 2581 356 2666 presentiam
372 2580 562 2662 destinetis,
586 2586 622 2646 nt
641 2599 683 2646 cx
702 2587 814 2649 uerba
837 2579 996 2649 relatione
1018 2579 1217 2650 sufficienter
1231 2578 1279 2646 in-

156 2688 269 2756 structi
290 2687 507 2775 procedamus
515 2739 525 2774 ‚
542 2687 662 2756 exinde
677 2692 773 2773 prout
788 2689 965 2757 secundnm
979 2687 1086 2756 Deum
1101 2686 1281 2757 uiderimus

154 2795 415 2882 procedendum,
437 2793 563 2881 prelixo
587 2795 619 2862 ei
640 2795 781 2862 termino
798 2799 1014 2883 competenti,
1038 2815 1102 2882 quo
1117 2803 1228 2864 nostro
1243 2813 1280 2863 ne
1354 2850 1357 2858 .

154 2903 342 2989 conspectui
364 2909 587 2989 representet,
610 2904 818 2989 promeritis
841 2909 1041 2991 recepturus.
1065 2901 1190 2984 Quodsi
1212 2923 1279 2970 non

154 3029 268 3080 omnes
291 3009 356 3078 hiis
375 3010 577 3096 exequendis
610 3011 783 3096 potueritis
806 3011 974 3094 interesse,
994 3012 1058 3079 dno
1074 3017 1218 3081 vestrum
1238 3029 1280 3078 ea

153 3117 383 3187 niebilominns
399 3123 613 3203 exequantur.
631 3117 751 3186 Datum
767 3117 892 3205 Spoleti
906 3117 1010 3188 Nonis
1024 3117 1135 3204 iunii,
1150 3116 1280 3188 Pontifi-

155 3235 248 3296 catus
262 3225 368 3294 nostri
386 3246 473 3296 anno
488 3231 594 3294 sexto.

311 3420 456 3497 (Eredetie
474 3439 493 3478 a
509 3382 724 3478 nuent-maimoni
742 3416 891 3494 sdapdtstg
902 3416 1124 3500 levdltdrtban.)

596 3735 842 3750 ...ι’-..-
