3214 5066
808 331 967 444 ...1,Ῑὲ-

323 531 532 624 prodeundo,
558 534 689 602 uibrata
712 532 870 621 romphea
892 551 954 601 sua
977 531 1079 620 capiti
1102 532 1172 600 iere
1186 537 1254 602 tam
1269 531 1437 604 horribilis

325 643 486 712 dissecato
510 643 646 712 uiriliter
666 643 790 711 directa
806 639 965 727 intrepide
980 659 1153 728 aggressus
1163 693 1173 728 ,
1201 649 1269 710 tam
1293 649 1437 712 atrocem

323 771 413 818 urum
430 753 463 818 in
479 757 601 820 terram
615 751 756 818 letaliter
773 750 973 818 unlneratum
989 749 1177 836 deiecisset,
1193 751 1329 819 subinde
1345 749 1437 819 dear-

324 867 466 946 tuatum;
484 879 546 944 quo
563 866 637 927 actu
653 879 772 946 magne
788 865 855 926 tam
870 859 1002 927 uictimc
1017 861 1352 946 recompensacionem
1363 879 1437 928 con-

324 969 476 1055 dignam,
501 971 530 1036 ei
546 970 614 1037 uita
627 969 747 1036 ‘comite
764 971 798 1036 in
814 970 963 1054 Regnum
979 977 1122 1036 nostrum
1141 975 1337 1036 reuertemur
1346 1019 1356 1054 ,
1382 990 1439 1058 ap·

324 1077 557 1166 promittentes.
590 1077 657 1144 Sed
673 1085 706 1144 et
720 1075 794 1143 ideo
810 1077 890 1162 quia
904 1076 990 1144 idem
1007 1074 1206 1165 Thywaldus
1222 1077 1297 1146 inde
1313 1099 1334 1147 a
1350 1079 1437 1145 iune-

325 1187 385 1253 nili
400 1175 488 1252 etate
504 1184 635 1252 diuersa
649 1184 816 1254 fidelitatis
831 1206 931 1272 opera
956 1192 988 1252 et
1011 1187 1045 1254 iu
1067 1189 1181 1273 Regno
1197 1193 1230 1254 et
1244 1188 1437 1272 extraleg-

270 1369 275 1380 ,
327 1311 402 1361 num
417 1298 513 1378 prout
528 1292 680 1360 condicio·
691 1294 846 1378 temporis
865 1301 897 1359 et
913 1296 1054 1377 qualitas
1070 1294 1267 1382 agendorum
1283 1295 1438 1381 exigebat

327 1400 371 1472 ad
387 1405 530 1468 nostrum
554 1403 665 1486 vtique
688 1407 722 1468 et
745 1421 862 1470 corone
885 1403 1054 1490 comodum
1069 1423 1109 1471 ac
1124 1405 1358 1472 incrementum
1373 1423 1437 1472 om-

328 1529 402 1578 nem
417 1509 590 1576 humanam
605 1508 670 1576 uim
681 1518 713 1576 et
722 1511 940 1580 constanciam
949 1511 1209 1580 transcendendo
1218 1511 1439 1580 indesinenter

327 1637 367 1685 ac
382 1617 556 1704 indefesse,
573 1624 621 1684 tot
634 1624 791 1701 tantaque
807 1616 974 1686 fidelitatis
991 1620 1149 1706 obsequia
1163 1621 1383 1707 impendebat,
1404 1625 1439 1686 ut

326 1725 384 1794 illa
398 1724 595 1794 sufficienter
610 1728 792 1794 enumerari
808 1733 980 1810 nequeant.
997 1729 1066 1796 Nos
1081 1727 1188 1814 igitur,
1205 1729 1321 1813 quihus
1337 1745 1378 1794 ex
1394 1727 1438 1795 cl·

327 1837 400 1902 licio
415 1834 519 1920 Regie
534 1832 703 1917 dignitatis
719 1833 873 1902 incumbit
897 1835 1002 1904 metiri
1025 1836 1141 1903 merita
1165 1837 1382 1922 singolorum,
1407 1840 1439 1902 et

328 1942 466 2030 singulis
489 1961 548 2028 pro
571 1941 697 2009 meritis
721 1945 917 2028 respondere
942 1944 1126 2029 cupientes,
1142 1951 1236 2028 grata
1252 1943 1375 2012 eisdem
1390 1960 1439 2009 re·

327 2051 554 2121 muneracionc
570 2069 756 2137 enomere,
782 2053 816 2119 in
837 2051 1173 2140 recompensacionem
1188 2059 1351 2119 tantarum
1367 2070 1438 2138 pro·

327 2161 463 2228 bitatum
479 2159 641 2244 quandam
658 2163 898 2245 possessiouem
914 2157 1061 2248 Onoran,
1077 2161 1233 2230 haetenus
1245 2161 1320 2248 jure
1335 2159 1439 2242 Regio

329 2267 373 2334 ad
389 2273 529 2334 castrum
545 2266 667 2334 Gumur
683 2274 885 2354 spectantem
909 2275 942 2336 et
966 2287 1173 2356 possessam,
1200 2289 1270 2336 cum
1294 2267 1442 2336 omnibns

329 2374 522 2443 utilitatibus
549 2383 583 2466 et
606 2376 815 2461 pertinenciis
840 2376 883 2446 ad
907 2377 1044 2446 candem
1061 2377 1187 2462 dejure
1203 2384 1236 2445 et
1250 2373 1293 2444 ab
1308 2377 1441 2460 antiquo

328 2483 551 2571 spectantibus
567 2483 795 2572 pertinereque
812 2486 1014 2573 debentibus,
1031 2487 1091 2554 sub
1107 2487 1176 2554 suis
1192 2484 1278 2554 ueris
1294 2485 1440 2569 antiquis

329 2589 424 2659 metis
438 2609 479 2658 ac
494 2591 649 2660 limitibus
664 2593 858 2660 existentem
873 2593 975 2662 libere
1006 2592 1188 2662 ornandam
1212 2598 1244 2660 et
1266 2593 1442 2662 tenendam

269 2775 272 2780 ,
331 2699 436 2770 eidem
460 2697 649 2786 Thywsldc,
674 2702 742 2768 suis
766 2701 946 2770 heredibus.
967 2702 1184 2786 heredumque
1202 2699 1443 2770 successoribus

330 2808 542 2892 contulimus,
568 2812 786 2878 concessimus
801 2831 841 2878 ac
857 2811 1129 2890 condonauimus,
1154 2829 1308 2878 unacum
1322 2809 1442 2876 tributo

330 2917 463 2984 dimidie
477 2917 555 2984 uille
569 2917 687 2986 Melete
703 2918 924 3005 obuenieudo,
949 2920 1018 2986 iure
1032 2925 1189 3007 perpetuo
1203 2916 1441 3006 possidendam.

247 3033 250 3044 '
330 3029 369 3096 ln
385 3026 474 3092 cuins
490 3026 679 3094 collacionis
694 3028 935 3112 possessionem
958 3025 1077 3114 dictum
1092 3025 1308 3115 Thywaldum
1323 3043 1383 3112 per
1397 3023 1442 3090 di·

330 3137 451 3204 lectum
466 3138 610 3202 nostrum
624 3131 819 3223 Dionysium
834 3136 1025 3222 Magistrum
1039 3133 1292 3204 Tauernicornm
1318 3145 1442 3206 nostro·

331 3263 401 3314 rurn
417 3249 449 3310 et
464 3243 620 3311 Comitem
635 3245 719 3310 Noni
735 3245 841 3312 castri
856 3245 1048 3312 auctoritate
1063 3244 1167 3331 Regia
1190 3243 1331 3312 lecimus
1345 3244 1443 3310 intro·

332 3353 415 3421 duci.
446 3355 490 3421 nt
508 3353 659 3438 quoniam
675 3354 773 3439 digne
788 3354 822 3420 in
836 3354 993 3422 memoria
1017 3354 1153 3421 uertitur
1177 3351 1364 3438 hominum,
1388 3349 1445 3420 ubi

330 3461 443 3531 fideles
457 3462 491 3529 iu
507 3463 653 3530 seruieiis
669 3463 821 3532 exhibitis
837 3464 962 3532 emeriti
977 3462 1148 3549 condignis
1170 3462 1359 3530 meritorum
1374 3479 1445 3548 pre·

332 3571 406 3638 miis
421 3590 442 3636 a
457 3570 527 3637 suis
541 3572 879 3656 recompensatoribus
893 3591 958 3640 non
973 3571 1160 3657 prirentur,
1185 3591 1225 3638 ec
1251 3567 1444 3656 propensius

332 3677 376 3745 ad
391 3677 517 3746 illorum
532 3680 829 3746 remuneracionem
843 3679 959 3746 merito
974 3697 1197 3765 prouocamur,
1219 3683 1255 3744 ut
1269 3677 1375 3744 eciam
1390 3693 1445 3762 po

333 3785 411 3856 steri
435 3783 578 3850 bdelium
603 3788 697 3868 quasi
720 3787 947 3873 exemplariter
971 3786 1015 3854 ad
1038 3787 1198 3872 obsequia
1213 3783 1445 3854 contendentes

334 3893 379 3962 ad
402 3911 514 3981 parem
538 3891 705 3962 fidelitatis
728 3897 911 3963 animentur
935 3895 1119 3980 accionem
1144 3902 1318 3982 eapropter
1342 3891 1446 3962 eidem

333 3999 524 4087 Thywaldo,
550 4000 783 4087 heredibusque
806 4003 874 4070 suis
898 4022 1113 4089 cognomena
1128 4007 1308 4071 memorato
1342 3999 1447 4070 hetico

285 4193 287 4200 ι
332 4129 390 4179 uro
415 4129 474 4196 per
497 4127 535 4176 se
550 4105 697 4194 deuicto,
721 4109 897 4196 uulgariter
912 4111 1026 4177 Barna
1054 4109 1266 4197 intemetum,
1298 4113 1449 4197 preterea

333 4235 427 4285 omne
438 4217 495 4303 jus
510 4217 753 4303 nobilitatisque
768 4218 894 4286 titulum
910 4217 1117 4288 concedimus
1141 4238 1182 4286 ac
1203 4217 1364 4287 donamus
1395 4235 1448 4286 cs·

134 4275 140 4290 ⁹
200 4343 204 4355 “
333 4325 406 4393 dam
420 4325 543 4410 Regia,
568 4345 633 4411 qua
649 4327 826 4414 pollemur,
841 4327 1054 4412 auctoritate3
1079 4333 1115 4394 ut
1130 4332 1163 4394 et
1178 4326 1320 4413 insignia
1335 4323 1448 4394 nobili·

332 4434 418 4500 teria
435 4433 604 4520 militaria;
629 4441 727 4521 caput
744 4433 899 4501 videlicet
915 4435 1036 4502 devicti
1051 4433 1148 4502 betici
1161 4433 1214 4502 uri
1227 4433 1387 4520 romphea
1400 4433 1448 4499 in·

337 4545 458 4606 sectum
468 4589 478 4624 ,
502 4542 567 4610 imo
592 4543 763 4610 discissum
789 4541 942 4611 inclinate
961 4543 1116 4630 planicici
1131 4540 1290 4611 subuiridi
1306 4543 1349 4610 ab
1365 4511 1450 4608 inira

335 4642 472 4718 inditum
487 4647 520 4714 iu
536 4656 626 4718 scuto
642 4667 700 4718 seu
715 4649 830 4738 clypeo
845 4650 963 4720 coloris
978 4670 1000 4718 a
1014 4657 1109 4738 parte
1124 4648 1271 4720 inferiori
1286 4649 1374 4736 albi,
1393 4644 1447 4718 de·
