3222 5054
803 819 880 889 188.

274 1001 358 1068 Bata
372 998 477 1087 ifjabt
491 996 601 1085 kirtly
615 1019 636 1062 c
652 997 893 1065 bor-emorrootrai
910 1001 1045 1086 opdtodp
1063 1003 1210 1066 ezdmdro
1228 1001 1272 1068 [Ι.
1289 1000 1399 1066 Endre

273 1108 447 1198 lcirdlynnlc
471 1106 582 1194 Sydon
607 1105 763 1194 belpodpre
785 1106 957 1171 coootlrozd
987 1107 1179 1196 udootdoydt
1214 1111 1399 1196 mopodrtli.

780 1213 878 1279 1233.

382 1396 464 1464 Belo
479 1393 542 1461 Dei
557 1389 761 1479 greoioRex,
777 1393 1014 1480 primogenitos
1026 1395 1128 1482 Regis
1144 1395 1313 1482 Hungorie
1331 1418 1399 1466 onr-

272 1508 367 1576 nibus
383 1503 504 1575 Christi
518 1499 668 1570 fidelibus
685 1503 824 1570 sulutem
840 1502 873 1568 in
889 1523 967 1570 vere
982 1502 1098 1572 salutis
1123 1505 1291 1590 largitore.
1317 1507 1398 1574 oon

272 1614 472 1686 monasterio
496 1613 530 1678 in
555 1608 702 1693 Vngoric
725 1613 901 1677 constituto
920 1613 1055 1678 multum
1071 1611 1241 1696 indigeant
1255 1611 1399 1682 solicitu-

271 1727 348 1796 dine
364 1720 501 1809 Regalis
516 1715 739 1806 providentie,
763 1719 906 1786 maxime
931 1720 1068 1806 talium,
1090 1721 1144 1803 qui
1161 1719 1280 1788 mundo
1295 1721 1398 1806 ignoti

255 1829 471 1904 'solummodo
482 1826 594 1894 vivunt
603 1826 685 1912 Deo,
697 1833 827 1913 oportet
841 1829 1070 1912 possessiones
1085 1829 1139 1895 rel
1154 1847 1197 1895 ex
1211 1837 1326 1896 nostra
1341 1831 1398 1900 do

270 1943 409 2014 mrbus
425 1938 479 2006 vel
495 1955 536 2004 ex
552 1933 759 2018 beneplacito
775 1935 915 2002 eliorum
930 1935 965 2004 in
980 1935 1190 2022 elemosynas
1205 1937 1397 2023 ossignctse

270 2047 419 2134 diligenti
434 2039 646 2130 providencia
670 2041 855 2125 custodire,
882 2043 960 2126 quin
976 2041 1010 2110 in
1026 2043 1249 2112 custodiendis
1265 2046 1330 2114 illis
1346 2067 1396 2116 re

268 2158 400 2228 tributio
410 2155 522 2224 multa.
540 2149 697 2236 Hinocst‚
708 2149 796 2234 qnod
811 2151 972 2218 universis
988 2157 1057 2218 tem
1073 2153 1280 2238 presentibus
1298 2171 1396 2236 quum

269 2267 385 2334 tuturis
401 2269 517 2330 tenore
532 2259 738 2345 presencium
752 2259 903 2323 volumus
919 2257 1112 2343 pervenire,
1140 2259 1225 2342 qnod
1243 2279 1314 2328 oum
1329 2281 1397 2330 mo

270 2371 449 2442 neoterium
464 2366 626 2435 Dominioi
641 2365 725 2430 Boni
742 2365 783 2430 de
798 2366 906 2434 Monte
922 2366 957 2432 in
972 2365 1129 2434 honorem
1153 2369 1276 2437 Sancte
1291 2369 1396 2439 Morio

269 2487 357 2548 terro
373 2476 514 2562 quodum
530 2473 644 2560 Sydon
669 2473 800 2540 nomine
828 2474 888 2539 sub
914 2473 1029 2542 eodem
1054 2477 1333 2544 monesterio'sits
1348 2478 1396 2546 ni·

269 2590 331 2656 mis
346 2586 495 2670 indigent
504 2634 513 2668 ‚
540 2590 574 2648 et
596 2579 659 2648 boc
684 2581 771 2667 petri
787 2590 897 2649 nostro
915 2583 1040 2652 Illustri
1054 2584 1186 2652 Andree
1203 2585 1267 2652 Dei
1282 2585 1395 2672 grecie

268 2695 351 2779 Regi
366 2691 533 2778 Hungorie
549 2711 607 2776 per
622 2689 783 2757 Abbolem
800 2696 834 2756 et
849 2690 968 2758 fratres
984 2691 1134 2761 Ecclesie
1150 2693 1300 2762 eiusdem
1313 2696 1395 2766 ἠὼ·

268 2812 320 2870 set
334 2799 556 2882 declnrctum,
581 2803 614 2862 et
638 2801 859 2881 paternoster
875 2797 1014 2866 virorum
1031 2800 1298 2870 condescendens
1314 2805 1395 2891 peti·

267 2909 416 2976 cionibus
440 2905 667 2991 religiosorum
691 2911 813 2972 terrem
838 2905 961 2974 dictum
981 2915 1152 2996 exceptum
1167 2931 1188 2978 u
1203 2911 1320 2980 Gmtro
1333 2915 1394 2983 So·

265 3017 433 3106 proniensi
447 3035 507 3102 pro
524 3011 668 3080 remedio
684 3011 792 3080 onime
807 3015 921 3083 metris
938 3023 1050 3086 nostro
1068 3020 1283 3104 contulisset,
1306 3023 1394 3095 idern

268 3127 381 3194 Abbos
407 3129 439 3190 et
464 3121 584 3188 fratres
611 3119 656 3186 od
683 3129 830 3187 nostrum
846 3123 1046 3191 aecedentes
1062 3127 1271 3210 presenciam
1296 3146 1395 3215 snper

267 3229 447 3300 collacione
471 3229 577 3315 patris
601 3227 706 3296 nostri
724 3229 1006 3298 confirmacionem
1021 3233 1186 3318 privilegii
1201 3235 1304 3302 nostri
1319 3236 1392 3321 sibi,

265 3341 330 3408 imo
339 3337 489 3406 Ecclesie
503 3336 669 3404 humiliter
685 3345 721 3406 et¹
733 3337 907 3424 diligenter
921 3339 1131 3422 postularunt
1139 3340 1310 3428 indulgeri.
1321 3343 1393 3412 Nos

265 3451 364 3535 igitur
379 3456 412 3515 et
427 3447 535 3514 anime
551 3445 667 3512 metris
683 3453 802 3526 nostre,
818 3453 914 3532 prout
928 3466 1121 3532 possumus,
1139 3449 1342 3538 miserentes,
1361 3459 1393 3520 et

264 3556 481 3645 peticionibus
496 3554 655 3622 dictorum
665 3553 804 3622 Abbatis
821 3559 854 3620 et
869 3553 1005 3621 fratrum
1022 3556 1216 3625 satisfacere
1233 3558 1393 3630 volentes,

264 3684 364 3752 super
379 3665 468 3730 dieta
483 3667 570 3730 terro
587 3661 797 3729 colleoionem
812 3663 916 3748 putris
934 3664 1037 3730 nostri
1048 3665 1198 3732 Ecclesie
1214 3665 1302 3734 dicte
1316 3687 1393 3735 con·

262 3771 437 3839 firmemus.
454 3769 554 3838 (iuius
570 3775 656 3836 terre
672 3769 778 3856 primu
794 3779 883 3837 meto
898 3769 1014 3858 incipit
1039 3774 1082 3840 ob
1108 3773 1279 3843 occidente
1295 3782 1329 3844 et
1344 3785 1391 3844 te·

264 3887 320 3950 net
334 3887 457 3946 metum
471 3895 544 3944 cum
560 3877 675 3945 eodem
691 3878 909 3964 monosterio;
936 3878 1013 3946 inde
1041 3879 1131 3948 rodit
1145 3881 1283 3949 inferius
1299 3883 1393 3952 iuxte

264 4007 384 4073 equam
408 3985 540 4054 Reboho
565 3993 597 4052 et
620 3993 710 4054 tenet
736 3992 858 4053 metam
875 4007 946 4054 oum
964 3995 1053 4057 terro
1067 3990 1175 4076 Bojlro
1191 4011 1213 4058 o
1228 3998 1323 4078 perte
1340 4011 1390 4061 se-

262 4097 502 4184 ptemtrionali3
528 4095 607 4163 inde
630 4094 723 4162 rudit
747 4114 862 4163 uersus
887 4097 1046 4166 orientem
1063 4099 1156 4168 iuxta
1172 4099 1309 4168 eandem
1326 4107 1391 4168 ter·

262 4224 331 4270 rom
341 4253 351 4288 ,
376 4209 409 4270 et
432 4203 549 4286 incipit
563 4209 676 4270 tenere
691 4209 797 4270 metus
815 4223 887 4270 cum
904 4209 992 4272 terro
1007 4207 1164 4275 Persoino
1174 4257 1183 4291 ,
1205 4226 1270 4291 que
1286 4207 1391 4276 eciem

263 4319 314 4378 est
329 4319 414 4378 terre
430 4311 577 4378 Ecclesie
594 4311 751 4395 eiusdem,
767 4310 822 4377 ubi
838 4319 912 4378 eunt
921 4319 988 4380 tres
999 4322 1084 4380 mete
1096 4315 1268 4402 ospitales,
1283 4315 1390 4402 primo

264 4425 352 4483 meto
367 4416 506 4502 predicti
522 4415 626 4502 Baka,
658 4417 802 4484 secundo
818 4421 978 4487 Presoinu
994 4427 1028 4486 et
1043 4423 1147 4488 tercio
1163 4421 1295 4510 Sydon3
1312 4423 1388 4492 inde

263 4522 451 4606 incipiendo
466 4529 577 4590 tenere
603 4533 709 4592 metue
734 4545 806 4592 cum
832 4547 933 4613 supra
949 4527 1038 4594 dictu
1054 4535 1145 4596 terro
1162 4532 1320 4599 Prescino
1335 4553 1391 4600 ve-

235 4701 247 4716 ,
263 4625 311 4694 dit
325 4646 439 4695 versus
455 4637 566 4714 portes
583 4633 836 4719 meridionales,
853 4641 887 4701 et
901 4637 991 4703 venit
1007 4637 1052 4705 od
1067 4639 1219 4706 arborem
1234 4659 1388 4726 magnum
