3234 5072
728 349 772 416 23

672 439 829 454 ffl—

190 547 292 634 ipsius
308 545 432 613 scilieet
454 545 576 613 domini
599 543 727 612 Andros
753 546 853 632 Regis
880 545 1075 615 aecedentes
1092 547 1308 635 presenoianr,

190 673 226 721 se
240 653 371 740 penitus
388 653 526 720 seruioio
543 651 688 721 eiusdem
708 653 943 753 subdidissent,
969 660 1002 720 et
1026 661 1121 740 prout
1145 654 1309 722 decuisset
1337 718 1339 723 .

190 764 325 830 olientes
340 761 480 831 fideliter
495 762 618 829 seruire
635 762 810 847 cepissent,
834 761 920 829 vnde
945 769 978 828 et
1003 763 1036 830 in
1062 764 1118 830 illo
1144 761 1305 847 eonfliotu,

191 889 284 954 quem
300 871 334 936 in
348 871 436 937 valle
452 869 524 936 Rad
539 867 626 936 idem
642 869 791 936 dominus
807 868 958 937 Andreas
974 871 1045 946 Rex
1068 869 1228 948 aduersus
1253 870 1299 938 di·

190 983 275 1044 etum
291 978 424 1045 fratrom
440 994 533 1044 suum
558 975 738 1042 Emerioum
763 977 886 1061 Regem
910 977 1088 1063 habuisset,
1114 979 1306 1066 Lampertus

191 1192 379 1262 effosionem
396 1194 437 1261 ob
453 1212 598 1280 sumpure
612 1192 781 1260 fidelitatis
805 1213 948 1272 amorem
973 1200 1109 1262 mortem
1134 1195 1304 1264 sustinuis-

189 1309 247 1368 set.
270 1303 340 1368 Neo
355 1300 417 1386 boo
433 1302 538 1368 eidem
554 1300 641 1369 fideli
657 1302 773 1370 elerico
790 1301 965 1386 suifioiens,
989 1322 1054 1370 vna
1079 1307 1212 1370 mortem
1236 1302 1301 1370 tra„

188 1408 246 1475 tris
261 1409 313 1476 sui
327 1408 459 1476 tradens
475 1408 642 1494 obliuioni,
656 1401 884 1496 posteundem
900 1409 1084 1478 oonfliotum
1102 1432 1174 1478 oum
1190 1409 1305 1480 eodem

189 1515 318 1582 dornino
333 1517 464 1585 Andrea
479 1518 568 1600 Rege
583 1519 616 1584 in
634 1517 825 1586 Teutoniarn
842 1519 964 1604 exiens,
981 1515 1090 1602 ibique
1116 1519 1219 1586 multo
1246 1537 1302 1586 aa·

191 1623 353 1692 helantius
366 1625 507 1708 oepisset
521 1626 661 1709 seruire,
687 1631 795 1692 tamen
811 1627 895 1694 inter
921 1631 1032 1694 uetera
1055 1645 1113 1692 suo
1137 1625 1305 1695 fidelitatis

189 1752 298 1820 opera,
314 1734 472 1814 quomodo
489 1739 521 1799 et
535 1732 675 1814 qualiter
695 1723 892 1818 jobagiones
908 1735 1028 1820 prefati
1053 1735 1152 1802 eastri
1175 1734 1305 1802 liberta
1391 1789 1393 1798 .

189 1849 251 1908 tenu
266 1839 409 1923 ipsorum
423 1840 640 1923 infregissent,
657 1838 761 1906 eidem
784 1841 913 1909 domino
937 1839 1068 1910 Andros
1084 1842 1167 1928 Regi
1191 1841 1302 1926 sepius

190 1949 381 2016 intimasset
406 1947 481 2030 Ipse
495 1947 594 2032 igitur
608 1946 756 2015 dominus
771 1948 923 2016 Andreas
938 1950 1008 2015 Rex
1022 1947 1226 2033 postmodum
1242 1947 1301 2014 Di-

191 2054 267 2124 nina
297 2055 429 2122 fauente
454 2055 631 2122 olemenoia
656 2054 923 2122 suecessissetad
937 2056 1043 2140 Regni
1067 2055 1299 2140 gubernaculo,

189 2163 368 2232 mnenon
382 2160 571 2247 (turono)
587 2145 692 2230 ruens
710 2163 787 2229 oreo
811 2161 970 2248 Stephani
986 2162 1103 2230 crerier
1125 2163 1175 2229 sur
1200 2163 1299 2230 semr-

188 2272 565 2357 oiorum,tnn1propter
596 2271 706 2338 fratris
736 2269 885 2355 ejusdem
915 2275 1068 2356 mortem,
1101 2290 1181 2338 eum.
1198 2269 1302 2338 seiam

189 2386 319 2468 propter
348 2377 451 2464 ipsius
475 2377 683 2468 fidelitatem,
714 2378 820 2466 ipsum
850 2376 976 2446 soilieot
1005 2378 1206 2464 Stephanum
1229 2377 1301 2444 Ole-
1358 2388 1361 2397 '

188 2489 287 2556 riourn
303 2488 336 2554 in
363 2487 532 2573 pristinum
563 2486 723 2555 libertatis
752 2486 879 2554 titulum
902 2487 1082 2570 restitue-ns,
1114 2487 1148 2552 in
1173 2486 1303 2554 domum
1402 2572 1404 2576 Ι

188 2615 279 2666 suam
293 2597 431 2680 Regiam
455 2595 650 2682 recepisset,
677 2601 710 2662 et
736 2599 770 2660 vt
792 2600 859 2660 tam
882 2594 955 2680 ipse
980 2613 1081 2678 quarn
1101 2595 1143 2661 ab
1167 2612 1205 2660 eo
1232 2591 1302 2660 des

188 2707 361 2773 eendentes
374 2702 414 2768 de
439 2700 532 2770 domo
557 2708 590 2769 et
613 2702 738 2770 familia
761 2703 866 2788 Regia
884 2700 925 2770 ds
944 2710 1050 2770 oetero
1068 2699 1301 2788 computabiles

187 2811 391 2895 haberentur,
406 2816 439 2876 et
452 2809 583 2897 propria
598 2816 684 2877 terra
700 2811 843 2896 ipsorum
858 2811 949 2898 Kyal
965 2809 1096 2878 nomine
1106 2812 1150 2879 ad
1160 2809 1300 2894 quinque

192 2927 305 2988 aratra
320 2917 498 2986 sufficiente
515 2917 577 2985 sibi
594 2923 627 2984 et
641 2915 709 2984 suis
733 2916 870 3004 posteris
898 2935 960 2984 sua
981 2917 1085 3002 Regia
1110 2915 1302 2985 auctoritate

189 3025 320 3096 ieoisret
334 3024 469 3108 restitui,
486 3043 583 3108 quarn
597 3024 784 3092 roborasset
807 3029 925 3092 terram
953 3024 1202 3110 eiroumquaqne
1226 3043 1299 3092 oum

50 3132 53 3141 '
189 3135 291 3202 netis.
317 3131 417 3200 Cuius
432 3131 562 3218 quidem
585 3130 803 3218 possessionis
827 3137 912 3200 mete
938 3129 1174 3215 quodammodo
1199 3130 1233 3198 iu
1259 3150 1316 3210 eo.

188 3241 358 3328 priuilegio
375 3239 588 3316 eontinentur,

207 3431 260 3508 (Au
278 3391 437 3508 orsutgnak
462 3431 656 3492 Xltsztzadi
675 3433 761 3506 egyilr
779 3448 857 3506 nagy
879 3430 974 3504 btrsja
1003 3413 1157 3492 tttletebtl.
1175 3433 1278 3502 Caesis).

612 3679 856 3692 mu.-
