3214 5072
327 1005 391 1071 ΙΙΙ.
414 1007 505 1068 lacre
522 1005 622 1088 pcipe,
637 1000 768 1088 Gerqoly
783 1001 983 1087 ottornolou,
1015 1004 1097 1068 Imre
1127 1003 1289 1089 kirdlpboa
1322 1003 1453 1094 addere

320 1131 327 1144 ·
456 1113 582 1197 umecta,
609 1135 630 1177 α
660 1110 797 1197 spalaldi
822 1111 1040 1200 duptaloaoab
1063 1111 1197 1198 ajdaljo.
1221 1114 1319 1178 1200.

434 1289 640 1358 Innocentius
675 1289 857 1376 Episcopus
890 1307 1002 1356 servus
1029 1309 1192 1357 servornm
1226 1290 1290 1356 Dei
1315 1289 1441 1358 dilectis

327 1397 401 1464 filiis
413 1397 573 1483 Capitale,
586 1399 869 1466 etvenerabilibus
885 1398 1039 1466 fratribus
1055 1398 1275 1484 suffraganeis
1293 1399 1440 1466 Ecclesia

329 1506 534 1592 Spalatensis
551 1506 688 1573 salutem
708 1512 740 1572 et
754 1506 974 1592 Apostolicam
990 1506 1257 1574 benedictionem.

430 1615 482 1682 to
498 1619 641 1682 uestram
660 1613 743 1680 forte
759 1615 909 1683 notitiam
921 1615 993 1698 jam
1014 1616 1171 1700 pervenit,
1197 1615 1336 1698 qualiter
1360 1615 1440 1682 mul·

325 1725 367 1790 tis
383 1729 415 1789 et
430 1704 560 1807 magnis
575 1722 824 1790 necessitatibus
855 1723 960 1805 Regni
991 1724 1133 1808 Vngarie
1164 1724 1346 1807 intellectis,
1379 1743 1442 1808 que

324 1832 510 1898 festinatum
542 1831 718 1898 subsidium
749 1831 915 1916 requirere
946 1830 1158 1911 videbantur,
1192 1837 1224 1898 et
1253 1833 1441 1918 promisione

301 2017 307 2028 .
324 1941 418 2010 Sedis
433 1939 622 2023 Apostolice
637 1939 804 2024 indigere;
830 1959 901 2004 cum
918 1957 980 2004 nec
996 1940 1079 2006 alius
1095 1939 1190 2006 nobis
1218 1923 1442 2006 subventionis

322 2048 435 2115 modus
460 2050 681 2133 congruentior
708 2050 761 2116 vel
777 2067 860 2132 eque
888 2060 1052 2133 congruus
1068 2055 1319 2144 appareretne
1349 2067 1440 2115 mora

224 2163 229 2170 '
323 2157 524 2243 dispendium
540 2157 584 2223 ad
600 2177 635 2223 se
651 2158 804 2240 traheret,
822 2165 910 2223 etex
927 2157 1083 2224 dilatione
1107 2157 1198 2224 illius
1223 2155 1328 2242 Regni
1356 2177 1438 2224 conr·

323 2267 427 2332 munis
443 2267 654 2351 impediretur
665 2267 799 2350 utilitas,
813 2269 898 2350 qnod
914 2267 947 2331 in
963 2265 1135 2332 deuotione
1146 2267 1333 2352 Apostolicc
1346 2265 1442 2333 Sedis

324 2380 356 2438 et
381 2373 487 2457 gratia
512 2373 573 2438 ita·
584 2374 654 2456 jam
680 2373 800 2444 dudum
832 2373 1004 2440 solidatum
1036 2374 1142 2439 extitit
1163 2380 1205 2458 'et
1234 2376 1440 2440 incessanter

323 2480 443 2563 existit,
462 2485 496 2546 ut
511 2480 614 2566 ipsius
638 2499 799 2565 prospera
814 2488 847 2548 et
861 2481 1001 2546 adversa
1017 2487 1172 2564 tanquam
1197 2481 1329 2566 propria
1343 2500 1437 2564 repu-

321 2595 443 2671 temus;
461 2589 695 2654 communicato
712 2589 999 2658 fratrumconsilio
1023 2589 1170 2671 legatum
1194 2588 1272 2654 illuc
1288 2588 1437 2654 duximus

322 2701 468 2760 anostro
483 2693 585 2760 latere
606 2714 678 2760 cum
702 2696 875 2780 potestatis
901 2694 1101 2780 plenitudine
1126 2694 1366 2778 destinandum,
1390 2693 1436 2760 di-

270 2813 273 2821 “
322 2803 440 2870 lectam
455 2800 606 2868 uidelicet
620 2801 719 2868 filium
743 2808 886 2888 nostrum
912 2801 951 2867 G.
978 2785 1097 2870 Sancte
1124 2803 1228 2870 Marie
1254 2805 1286 2868 in
1309 2803 1438 2885 Aquino

321 2907 501 2976 Diaconum
519 2909 734 2992 cardinalem,
752 2911 855 2975 uirum
879 2905 1061 2986 litteratum,
1078 2911 1254 2992 honestum,
1271 2908 1438 2995 prouidum

323 3023 356 3084 et
370 3018 554 3101 discretum,
571 3024 602 3082 ct
617 3017 658 3083 de
674 3018 885 3084 nobilioribus
900 3019 1055 3088 Romanis
1071 3017 1251 3102 oriundum,
1270 3037 1364 3102 quem
1388 3019 1436 3084 in·

322 3131 372 3190 ter
387 3123 488 3190 frater
503 3131 630 3190 nostros
656 3142 768 3190 carum
799 3124 957 3191 babemus
989 3121 1163 3216 admodq'm
1195 3135 1227 3192 et
1257 3131 1436 3212 acceptum,

324 3230 520 3299 confidentes
535 3251 568 3296 m
584 3233 723 3299 Domino
740 3241 773 3299 et
788 3233 822 3298 in
839 3234 985 3318 potentia
1004 3235 1131 3300 uirtutis
1158 3233 1240 3319 ejus,
1268 3235 1355 3318 quod
1378 3233 1436 3300 illo

322 3340 463 3406 faciente
479 3359 548 3406 cum
566 3359 604 3407 eo
619 3341 746 3424 signum
762 3343 796 3407 in
812 3341 941 3432 bonnm,
958 3343 1014 3426 qui
1029 3341 1168 3426 imperat
1184 3343 1290 3407 uentis
1307 3347 1338 3407 et
1357 3341 1438 3406 maii

321 3457 354 3515 et
369 3447 525 3515 obediunt
541 3449 581 3532 ci,
600 3469 641 3515 ex
656 3449 798 3516 aduentu
817 3451 918 3535 ipsius
942 3449 1078 3535 pacifico
1104 3457 1137 3520 et
1162 3469 1266 3535 praua
1289 3450 1367 3516 fient
1391 3450 1438 3516 di·

321 3562 420 3639 recta,
438 3563 470 3620 et
486 3574 605 3640 aspera
620 3557 741 3641 plana;
758 3565 791 3623 et
807 3577 879 3622 cum
895 3576 954 3643 per
970 3556 1165 3623 familiarem
1189 3564 1366 3624 tractatum
1382 3575 1437 3624 no·

320 3663 443 3729 biscum
460 3665 569 3747 sepius
586 3663 730 3730 habitum
747 3673 891 3732 nostram
915 3665 1113 3732 intellexerit
1137 3667 1265 3752 plenius
1290 3667 1436 3733 volunta-

322 3777 396 3852 tem,
413 3789 475 3852 que
490 3789 549 3835 nos
560 3777 733 3857 acceptare
743 3793 807 3838 non
818 3773 954 3857 dubitat,
973 3773 1098 3840 curabit
1114 3775 1271 3859 prolecto,
1282 3780 1435 3859 quantum

319 3878 353 3942 in
368 3877 441 3962 ipso
457 3877 553 3944 fuerit
569 3877 743 3947 efficaciter
758 3900 955 3964 promouere.
969 3879 1147 3964 ¹ldonemus
1164 3882 1299 3970 proinde
1314 3881 1434 3950 discre-

320 3985 439 4051 tionem
471 3991 612 4072 rcstram
646 3989 839 4073 propensius
875 3996 907 4055 ct
947 3990 1112 4057 hortamur
1148 4012 1207 4078 per
1246 3992 1438 4076 Apostolica

319 4094 440 4179 scripta
454 4093 665 4180 precipiendo
681 4097 883 4182 mandantes,
901 4098 1051 4182 quatinus
1068 4101 1210 4167 eundem
1227 4099 1437 4166 Oardinalem

320 4209 484 4284 nmquam
500 4203 722 4271 honorabilem
733 4207 917 4294 ‚membrum
942 4207 1090 4272 Ecclesie
1117 4214 1149 4273 et
1178 4209 1323 4292 legatum
1350 4209 1436 4292 Apo·

320 4309 431 4386 stolioe
448 4308 747 4398 Sedis'recipicntes
759 4311 922 4378 humiliter
938 4320 971 4378 et
987 4313 1114 4398 devote,
1132 4337 1172 4382 ac
1189 4315 1436 4383 honorificentia

318 4413 428 4483 debita
443 4415 695 4502 pertractantes,
713 4420 815 4506 ipsius
832 4421 992 4488 salutaria
1009 4423 1132 4490 monita
1158 4431 1191 4490 et
1206 4431 1363 4512 precepta
1387 4429 1434 4491 te·

318 4524 424 4589 neatis
439 4523 572 4592 firmiter
586 4533 618 4593 et
633 4529 781 4614 servetis,
800 4537 832 4596 et
846 4529 950 4594 teneri
967 4549 1006 4596 ac
1023 4534 1147 4598 servari
1174 4554 1193 4597 a
1218 4533 1336 4600 restris
1361 4533 1435 4598 sub-

319 4631 394 4702 ditis
411 4631 559 4736 faciatis,
576 4656 635 4727 pro
663 4643 752 4712 certo
779 4637 900 4722 scituri,
927 4639 1012 4734 quod
1038 4643 1231 4719 sententiam
1248 4661 1345 4734 quam
1361 4641 1434 4735 ipse
