3214 5072
840 373 884 440 44

785 475 817 482 -—
839 473 939 482 ⁴-.-.—.-

294 546 478 642 libertatcrn
495 575 528 639 in
544 574 631 639 nullo
650 591 795 656 unquam
806 575 940 640 deberet
956 571 1124 659 fraudare,
1142 593 1202 640 nec
1217 578 1417 664 Episcopum

296 685 348 750 vel
365 683 541 750 Primatem
558 680 701 764 aliquem
725 681 789 747 nisi
805 681 848 746 ab
864 701 977 760 eornm
992 684 1079 747 velle
1095 684 1231 749 electum
1248 684 1314 750 illis
1332 684 1414 751 dare

294 790 578 857 confirmationem.
603 789 731 860 Deinde
746 789 807 855 boc
822 790 908 856 idem
925 789 1190 877 similitersnpra
1206 799 1322 860 sancta
1338 813 1417 878 qua

292 907 365 985 tuor
381 898 566 980 Evangelia
582 934 626 944 -
640 933 684 944 -—
700 933 744 944 -
764 933 802 944 -
819 897 872 962 hic
898 905 972 962 suut
996 899 1192 964 Laurentius
1217 900 1419 985 Strigonien-

294 1009 339 1074 sis
355 1007 643 1094 Arcbiepiscopus,
674 1005 849 1089 Marcellus
882 1003 1050 1072 Vaciensis
1081 1007 1272 1093 Episcopus,
1304 1009 1419 1076 Simon

269 1181 271 1184 .
291 1118 440 1200 Quinque
456 1114 681 1200 Ecclesiensis,
698 1114 881 1182 Matthaeus
898 1115 1111 1200 Vesperensis
1124 1114 1418 1204 (vesprimiensis),

293 1222 453 1308 Georgius
470 1221 650 1305 Gerrensis,
667 1223 777 1288 Sixtus
793 1221 1000 1308 Varadensis,
1026 1221 1197 1290 Eulbcrtus
1225 1225 1417 1292 colocensis

294 1353 365 1398 cnm
380 1331 496 1396 ceteris
513 1329 700 1412 Huugariae
711 1328 894 1415 Episcopis.
905 1328 1046 1396 Comites
1061 1349 1139 1397 vero
1149 1331 1291 1416 majores
1302 1321 1417 1400 omnes

292 1443 353 1508 boc
369 1439 455 1506 idem
467 1439 633 1522 juravere,
650 1436 786 1520 quorum
802 1457 977 1522 paucorum
995 1437 1125 1506 nomina
1142 1439 1220 1524 scio,
1246 1441 1280 1505 hi
1311 1447 1410 1506 sunt:

292 1547 435 1616 loannes
466 1547 653 1630 Palatinus,
686 1546 857 1629 Gledinus,
889 1545 1038 1630 Marcus,
1071 1548 1210 1633 Saulus,
1241 1548 1415 1634 Saunicus,

293 1659 475 1742 Vguranus,
502 1653 720 1739 Theobaldus,
745 1654 907 1721 Jandinus
933 1661 965 1720 et
989 1656 1083 1722 multi
1106 1656 1174 1739 alii,
1200 1677 1334 1740 quorum
1358 1678 1415 1723 no·

293 1766 381 1832 mina
395 1771 453 1832 aut
468 1782 633 1848 nunqnam
648 1764 732 1829 scire
748 1765 871 1847 curavi,
887 1771 943 1829 aut
958 1763 987 1828 si
1004 1763 1087 1828 scivi
1112 1761 1144 1828 iu
1169 1767 1325 1832 memoria
1349 1787 1414 1833 uon

292 1872 409 1948 babeo,
426 1859 509 1955 duae
526 1871 555 1938 si
572 1870 711 1936 omnium
728 1869 853 1948 scirem,
870 1877 902 1936 et
927 1873 1043 1936 vellem
1069 1891 1191 1956 ponere
1215 1874 1356 1957 nomina,
1381 1876 1414 1941 in

292 1983 393 2046 altum
408 1980 541 2046 nimium
555 1985 667 2046 nostra
682 1985 881 2064 turgesceret
896 1979 1029 2063 pagina.
1046 1980 1130 2046 Nam
1146 1987 1275 2066 practer
1291 1983 1414 2064 Regem

292 2097 326 2154 et
342 2089 533 2174 Episcopus,
552 2095 585 2152 et
601 2086 741 2154 Comites
758 2105 894 2172 magnos
905 2085 1060 2171 juravere
1088 2089 1150 2154 boc
1166 2087 1252 2155 idem
1268 2090 1409 2157 etmulti

295 2196 526 2265 centurionum.
551 2195 611 2260 llle
628 2195 724 2277 enim,
749 2195 804 2277 qui
829 2194 1034 2284 Provinciam
1058 2197 1244 2264 Dalmatiae
1269 2199 1408 2265 subesse

217 2381 218 2384 Ἴ
296 2307 380 2390 Regi
397 2303 617 2388 disposuerat,
638 2319 771 2369 securus
796 2321 869 2368 esse
895 2304 1029 2370 volebat
1053 2323 1112 2390 per
1136 2307 1255 2372 multas
1280 2313 1312 2374 et
1335 2329 1402 2374 ma-

272 2433 381 2498 gnas
398 2431 556 2498 personas
572 2411 636 2476 sibi
667 2410 797 2494 suisque
821 2414 1063 2479 successoribus
1091 2421 1124 2480 st
1149 2434 1259 2482 eorum
1284 2417 1411 2483 heredi-

294 2523 368 2603 bus,
386 2521 553 2604 antiquam
580 2520 649 2586 lore
674 2519 793 2587 debere
821 2521 1015 2588 libertatem.
1038 2525 1090 2590 Ad
1117 2527 1306 2592 memoriam
1332 2544 1410 2591 vero

296 2635 407 2695 tantae
433 2627 685 2695 confirmationis
710 2633 775 2693 tres
802 2647 913 2696 cruces
936 2649 1052 2696 aureas
1077 2629 1169 2696 dedit
1193 2631 1284 2714 Rex,
1312 2651 1411 2716 supra
1444 2671 1450 2680 ·

294 2757 377 2821 quas
394 2743 426 2802 et
441 2755 524 2819 quae
541 2734 688 2821 superius
704 2739 954 2821 explanavimus
970 2737 1226 2806 confirmaverat.
1244 2741 1349 2810 Vnam
1365 2741 1411 2805 vi-

294 2846 414 2914 delicet
436 2844 623 2912 Jaderiensi
646 2845 827 2927 Ecclesiae,
859 2845 957 2912 aliam
988 2847 1188 2933 Spalatensi,
1221 2849 1320 2915 etiam
1351 2849 1410 2915 Ar·

294 2953 399 3035 bensi,
417 2953 511 3020 simul
527 2972 672 3036 quosque
691 2954 827 3021 Nobiles
851 2954 1042 3022 Provinciae
1058 2955 1102 3021 ad
1118 2976 1154 3021 se
1171 2957 1312 3023 vocavit.
1338 2958 1409 3023 Hae
1437 2979 1443 2986 ·

257 3081 260 3087 ·
295 3081 374 3145 ergo
385 3061 558 3129 securitate
569 3081 652 3148 pace
662 3061 799 3145 firmata,
811 3062 971 3146 simulque
986 3071 1072 3129 terra
1083 3069 1151 3130 tota
1168 3083 1226 3149 per
1241 3062 1408 3131 circuitum

293 3171 447 3256 praevisa
462 3172 532 3237 Rex
549 3167 721 3256 regressus
738 3171 836 3237 estin
852 3172 1039 3256 Vngariam.

402 3346 441 3418 (Α
469 3345 589 3420 ,libri
620 3317 846 3420 ριίὀῐοτιιιι]κ
880 3345 973 3403 culmii
1001 3349 1146 3412 celenensi
1180 3349 1406 3419 statuslrbnyvelr

294 3439 356 3495 sled
369 3436 522 3494 kdtetdnelr
534 3438 587 3493 239
599 3438 692 3494 levele
705 3437 782 3494 utrin.
802 3438 930 3493 Kdublve
946 3438 1008 3493 volt
1027 3437 1087 3494 mar
1111 3457 1145 3494 an
1160 3417 1197 3512 [ij
1211 3439 1333 3511 Mcgyar
1346 3439 1406 3493 Mu-

294 3545 375 3583 rcum
390 3527 650 3584 1853-ikioet0beri
676 3527 826 3584 fureteben
852 3526 966 3596 538.1.;
985 3527 1016 3582 ds
1041 3546 1059 3584 a
1083 3527 1205 3601 Magyar
1229 3525 1406 3583 Torteuelmi

303 3617 417 3674 Tdrbcu
432 3617 469 3674 ll.
481 3617 541 3675 lrdt.
555 3617 615 3671 1‘10.
628 3616 660 3689 1.)
