3222 5054
193 1021 251 1088 IX.
269 1021 402 1112 Gerpely
420 1025 511 1110 pepe
538 1045 559 1087 e
580 1022 809 1110 paccccbalmi
825 995 1070 1089 ‘accat-ordrtcnc'
1093 1029 1227 1112 cpdtsdp
1242 1027 1273 1092 da
1288 1049 1309 1090 a

256 1133 425 1218 umeprdmi
441 1130 598 1216 keptclea
612 1129 698 1196 lebeti
704 1152 797 1216 porca
811 1131 929 1218 ttpybcu
944 1131 1129 1197 irrtdzlccde'le.
1144 1133 1242 1198 1228.

299 1308 473 1396 Gregorius
488 1308 669 1397 Episcopus
685 1328 798 1378 servus
814 1329 978 1377 servorum
996 1311 1079 1397 Dei,
1106 1311 1225 1381 dilecto
1240 1310 1307 1380 filie

191 1417 309 1501 Egidic
333 1416 538 1486 Subdiacono
561 1422 594 1484 et
619 1417 798 1504 Oapelleno
815 1427 925 1486 nostro
942 1420 1079 1486 salutem
1095 1427 1128 1486 et
1143 1419 1307 1506 Apostoli-

191 1545 263 1592 cam
278 1525 547 1594 benedictionem.
587 1526 637 1591 llx
652 1525 871 1594 insinuatione
888 1527 1078 1596 dilectorum
1093 1527 1231 1598 liliorum
1247 1578 1255 1596 .
1273 1577 1281 1595 .
1298 1578 1306 1596 .

190 1634 330 1702 Abbatis
346 1641 379 1701 et
393 1635 578 1703 Conventus
594 1635 707 1702 Sancti
731 1636 861 1704 Martini
884 1636 926 1703 de
950 1637 1118 1704 Pannonia
1141 1637 1235 1724 nobis
1259 1636 1307 1703 in·

191 1742 313 1828 notuit,
340 1741 426 1827 qnod
450 1761 570 1812 cauam
594 1743 679 1810 inter
701 1745 790 1830 ipses
815 1765 856 1811 ex
881 1751 974 1831 perte
994 1765 1060 1812 una
1073 1739 1108 1812 et
1122 1743 1307 1831 Capitulum

191 1849 431 1938 Vesprimiense
447 1872 488 1919 ex
504 1853 609 1920 altera
624 1871 722 1938 super
737 1852 932 1936 quibusdam
957 1852 1093 1922 decimis
1109 1859 1142 1920 et
1155 1852 1308 1920 Ecclesia

191 1959 305 2026 Sancti
319 1960 502 2028 salutatoris
518 1961 560 2028 ds
575 1959 654 2028 villa
669 1961 758 2044 Tord
774 1961 894 2046 agitari
909 1969 1084 2030 noscuntur
1101 2009 1109 2026 .
1127 2011 1133 2024 .
1151 2010 1158 2026 .
1186 1959 1308 2028 Abbati

192 2065 377 2139 deBuccon
401 2075 434 2137 et
458 2068 678 2137 ccniudicibrs
703 2071 771 2138 suis
797 2071 856 2138 sub
883 2079 973 2140 certa
993 2069 1097 2138 ferma
1113 2069 1154 2136 de
1168 2088 1306 2138 assensu

191 2177 334 2258 partium
350 2176 596 2262 committentes,
613 2177 660 2245 eis
676 2178 900 2246 mandarimus
919 2181 1001 2246 inter
1016 2179 1084 2246 elia
1092 2229 1102 2263 ,
1119 2183 1155 2244 nt
1169 2177 1197 2244 si
1212 2171 1307 2264 Gepi-

191 2285 294 2351 tulnm
307 2286 413 2374 ipsum
430 2285 515 2354 infra
531 2286 611 2354 dues
627 2307 758 2356 menses
773 2295 849 2374 post
864 2288 1101 2373 susceptionem
1126 2287 1307 2354 litterarum

190 2398 372 2460 nostrarum
388 2395 595 2484 exceptiones
610 2399 770 2480 quasdam
780 2397 866 2482 apud
877 2399 991 2464 Sedem
1003 2395 1225 2481 Apostolicam
1234 2414 1306 2481 pro·

191 2495 317 2588 positae
327 2522 391 2570 non
401 2505 563 2590 probaret,
575 2511 692 2572 extunc
707 2505 866 2573 incensis
882 2504 1094 2590 procederent
1103 2503 1305 2590 supradictis,

191 2593 225 2678 ct
238 2607 347 2698 ipsas,
365 2612 394 2680 si
411 2611 452 2679 de
466 2613 609 2698 partium
627 2615 794 2682 uoluntate
809 2612 1001 2698 procederet
1009 2663 1019 2696 ,
1036 2612 1099 2680 fine
1115 2612 1226 2702 debito
1243 2619 1305 2678 ter-

191 2719 369 2806 minarent3
403 2721 546 2804 alioquin
571 2740 673 2806 usque
689 2722 733 2792 ad
749 2724 895 2810 proximo
911 2731 1079 2790 uenturum
1095 2722 1211 2790 testum
1226 2723 1307 2788 Pen·
1431 2794 1433 2803 ,

190 2823 332 2898 tecc'stes
347 2849 466 2898 causas
483 2830 616 2898 easdem
633 2830 676 2897 ad
692 2851 751 2898 nos
767 2833 968 2900 remitterent
983 2823 1181 2901 sufficienter
1191 2831 1305 2896 instru-

190 2939 279 3022 ctas,
306 2937 511 3024 iniungentes
530 2939 696 3026 partibus,
722 2947 756 3006 ut
771 2961 881 3009 ceram
898 2943 991 3009 nobis
1007 2943 1153 3028 predicto
1168 2939 1305 3008 termino

191 3053 422 3132 comparerent.
454 3045 609 3114 Mandato
625 3067 751 3132 quoque
766 3037 876 3117 nostre
892 3052 1068 3120 adiecimus
1077 3100 1086 3136 ,
1104 3050 1189 3136 qued
1205 3069 1305 3135 graue

191 3155 339 3240 feremus,
351 3155 381 3223 si
395 3155 474 3223 dicti
489 3155 615 3224 iudices
631 3159 835 3244 negligentes
850 3159 1030 3227 existerent
1042 3159 1095 3226 uel
1111 3156 1247 3242 remissi,
1264 3177 1304 3225 ac

191 3263 366 3332 uerendum
390 3269 461 3330 erat
485 3264 628 3350 eisdem,
653 3287 695 3334 ne
718 3267 747 3332 si
771 3287 830 3352 per
845 3266 1078 3353 negligentiam
1091 3285 1203 3332 eorum
1218 3265 1304 3350 quie·

192 3391 288 3456 quam
304 3370 505 3439 difficultatis
521 3379 718 3458 emergeret,
742 3375 824 3460 ipsis
850 3375 1051 3458 contingeret
1075 3373 1246 3460 imputari,
1272 3377 1306 3439 et

191 3481 276 3548 alias
302 3500 367 3548 non
390 3479 543 3547 transiret
566 3481 664 3550 etiam
688 3480 887 3568 impunitum.
907 3483 1063 3570 ,cumque
1078 3481 1177 3548 citato
1192 3487 1304 3568 partes

192 3589 430 3675 comparuerint
443 3589 579 3656 termino
594 3591 783 3676 assignato,
808 3611 885 3678 pars
908 3591 1068 3677 adversa,
1088 3591 1175 3677 qnod
1189 3589 1304 3656 tertius

192 3696 408 3781 predictorum
424 3697 564 3764 indicum
580 3699 704 3766 absens
719 3709 791 3768 erat
806 3707 890 3768 etse
905 3719 963 3788 per
979 3701 1105 3768 litteras
1116 3697 1303 3776 excusabat,

192 3825 294 3890 usqne
318 3806 362 3874 ad
384 3808 529 3894 proximo
553 3809 726 3894 preteritas
750 3815 887 3876 cennas
917 3807 1108 3878 Natiuitatis
1133 3803 1303 3874 Dominice

192 3915 256 3982 eibi
278 3914 372 4001 petiit
394 3917 565 3984 terminum
587 3918 765 4001 prorogari.
797 3909 1008 4006 subscripsi
1024 3939 1042 3985 e
1058 3922 1172 3985 contra
1187 3933 1302 4002 propo·

189 4029 314 4100 nerent,
328 4023 416 4108 quod
439 4045 512 4114 cum
535 4045 556 4091 a
579 4025 786 4110 susceptione
809 4025 987 4095 litterarum
1012 4025 1092 4094 dues
1116 4041 1244 4094 menses
1259 4022 1302 4090 ad

190 4129 377 4228 probandas
391 4133 601 4219 exceptiones
615 4131 774 4201 haberent
782 4183 792 4220 ,
808 4137 836 4202 si
852 4133 1036 4202 huiusmodi
1050 4123 1177 4219 tompus
1193 4128 1301 4199 efflue-

193 4245 251 4324 ret,
268 4260 334 4307 ncn
348 4241 520 4309 admittere
536 4241 578 4308 ad
593 4219 793 4329 probandum
808 4243 868 4311 hoc
881 4249 1007 4332 partem
1024 4241 1226 4325 contrariam,
1243 4237 1302 4304 sed

191 4351 365 4436 procedere
380 4368 479 4436 super
495 4349 667 4437 principali
681 4350 806 4418 iudices
830 4353 895 4438 ipsi
919 4351 1101 4434 debebant,
1127 4347 1302 4415 nichilomi-

190 4473 251 4523 nus
266 4445 376 4524 tamen
390 4457 456 4526 illis
472 4459 766 4527 contradicentibus
791 4467 825 4528 et
847 4461 958 4528 inuitis
983 4459 1178 4546 postulatum
1193 4454 1301 4523 termi-

190 4585 265 4632 num
279 4565 365 4653 parti
381 4565 476 4633 alteri
490 4568 725 4653 concesserint,
752 4570 785 4635 in
809 4587 872 4652 quo
898 4589 969 4636 enm
993 4563 1115 4655 apertis
1140 4553 1224 4633 actis
1240 4565 1301 4632 sub
1384 4597 1392 4620 ι

191 4671 347 4742 aunem
363 4673 472 4758 sigillo
488 4675 687 4744 transmissis
703 4693 779 4761 pare
794 4676 935 4746 aduersa
950 4681 1145 4765 proponeret
1154 4723 1164 4762 ,
1189 4693 1225 4743 se
1241 4670 1299 4741 ad·
