3214 5066
701 300 767 370 205

160 499 281 562 bostro
298 493 427 578 singula
441 494 631 580 singillatim
646 501 698 564 etc
700 545 836 564 ......
866 499 937 566 neit
960 499 1071 585 itaque
1096 506 1285 576 sanctitatis

118 608 280 670 vestre
295 621 355 687 per
369 599 598 670 Alamanniam
608 604 844 689 ‚Hungariam
871 613 905 672 et
926 608 1041 694 Regna
1055 609 1210 701 finitima,
1225 634 1288 682 nec

169 729 235 776 non
250 709 284 776 in
300 709 495 796 Franciam,
520 655 673 796 Angliam
690 719 722 778 et
738 719 863 780 ceteras
882 720 992 800 partes
1012 719 1101 788 orbis
1116 727 1184 788 tam
1200 723 1286 788 sulli-

170 817 294 884 cieutes
320 826 353 884 et
376 819 526 904 ydoneos
551 817 707 906 delegare
731 839 909 906 personas,
926 829 958 886 et
973 823 1036 891 illa·
1048 831 1223 910 prestando
1238 849 1286 896 rc

169 924 334 994 missionis
350 936 384 994 et
399 925 598 1013 indulgentie
623 930 815 998 auctoritate
839 930 999 1016 munitas,
1026 955 1089 1018 quc
1113 937 1157 1002 ad
1183 939 1286 1006 crucis

170 1033 335 1118 negotium
351 1036 603 1120 promovendum
619 1038 723 1105 audiri
739 1038 881 1105 debeant
897 1045 930 1106 et
940 1041 1046 1107 timeri
1062 1090 1070 1108 .
1088 1091 1095 1108 .
1113 1092 1121 1109 .
1139 1091 1148 1108 .
1164 1045 1288 1113 Taliter

170 1161 270 1228 snper
285 1145 401 1212 celeria
417 1145 669 1212 circumstantiis
685 1145 995 1232 negotioprovidere
1005 1147 1186 1236 dignantes,
1198 1155 1284 1237 quod
1320 1185 1329 1204 ·

170 1250 300 1318 desidia
315 1253 368 1320 vel
383 1255 520 1320 remissa
534 1254 736 1339 negligentia
760 1254 902 1338 quelibet
916 1255 952 1322 in
968 1256 1172 1344 Ecclesiam,
1201 1260 1286 1327 sicut

168 1358 339 1444 hactenns,
355 1381 420 1427 non
435 1367 581 1447 notetur;
597 1363 674 1446 qnia
690 1381 761 1448 nos,
777 1382 840 1448 que
857 1362 901 1429 ad
916 1371 1062 1431 nostram
1078 1373 1206 1450 spectat
1223 1369 1284 1436 Im-

169 1469 251 1554 parii
272 1469 523 1538 sollicitudinem
539 1477 599 1540 etc.
630 1473 750 1540 Datum
776 1470 935 1542 (lothonie
962 1473 1073 1556 quinto
1098 1475 1152 1544 die
1175 1475 1285 1545 Martii

170 1575 573 1648 duodecimeludiotionis.
1071 1615 1075 1628 ·

557 1756 742 1828 (nisinun.
756 1755 849 1814 nso.
862 1755 894 1828 1.)

595 2010 838 2035 .--—-.0--

169 2492 199 2558 A
215 2492 366 2558 cclenczet'
375 2493 452 2580 doce
464 2495 495 2557 ea
510 2495 616 2559 occult
626 2497 757 2558 innocen
767 2495 909 2584 bizooyos
918 2497 1143 2568 kalmrlroknak
1153 2523 1284 2588 oraqyor

163 2598 614 2689 jbldnororte'ntfosztoqatoei
623 2603 794 2670 metelrciul
803 2605 1277 2694 oizaycilalotr·eodelnok.1224.
1360 2653 1365 2662 ·

273 2783 337 2850 Dio
351 2781 433 2848 xm
448 2788 586 2848 exeunte
600 2783 733 2848 Marcio.
765 2783 925 2851 Voluntas
950 2785 1010 2850 fuit
1034 2784 1154 2854 domini
1179 2786 1281 2854 Ducis

168 2896 200 2956 et
215 2889 348 2957 maioris
362 2889 466 2975 partis
482 2887 553 2955 eins
569 2888 713 2970 consilii,
730 2893 765 2954 vt
778 2888 919 2958 lacobus
936 2911 957 2956 a
973 2890 1112 2959 Cotum
1129 2893 1278 2961 consilia·

164 2999 232 3064 rius
247 2997 369 3064 domini
383 2997 484 3064 Ducis
501 2996 562 3063 iret
577 2997 773 3080 colloquium
790 2995 961 3065 habiturus
974 3019 1045 3066 curn
1057 2999 1207 3068 Dimitrio
1217 3001 1281 3068 Dei

166 3105 277 3190 gracia
287 3103 491 3172 Salanicensi
501 3105 589 3189 Rege
605 3111 638 3172 et
654 3105 728 3171 aliis
745 3103 937 3187 quibusdam
953 3107 1110 3174 militibus
1125 3127 1196 3174 cum
1206 3110 1277 3194 ipso

164 3213 253 3296 Rege
271 3212 482 3280 existentibus
497 3231 556 3295 pro
572 3212 709 3279 veritate
724 3209 918 3296 inquirenda
933 3219 966 3277 et
983 3213 1217 3298 cognoscenda,
1232 3216 1279 3282 vi-
1418 3235 1420 3242 ’

165 3321 284 3389 delicet
306 3320 335 3386 si
359 3318 483 3404 aliquid
503 3320 643 3388 scienter
659 3319 867 3402 cognouisset
881 3318 988 3386 dictus
1003 3321 1073 3386 Rex
1088 3322 1142 3386 uel
1158 3321 1278 3404 aliquis

165 3429 206 3497 de
221 3449 283 3496 sua
298 3427 454 3496 societate
469 3429 511 3494 de
526 3427 656 3502 robaria
669 3427 757 3493 facta
766 3427 801 3491 in
813 3433 900 3494 terra
912 3427 1010 3510 Regis
1020 3429 1276 3512 Vngarioremm

162 3543 195 3605 et
219 3537 424 3605 denariorum
448 3537 533 3602 Petri
557 3536 699 3620 bibenti,
724 3533 844 3602 Donati
860 3533 976 3601 Auliuo
993 3543 1026 3602 et
1041 3533 1176 3604 Vidonis
1191 3537 1272 3602 Pon-

163 3647 241 3713 ctnli
257 3645 395 3712 omnium
411 3645 613 3712 Venetorum.
645 3643 708 3723 Qui
723 3643 865 3710 lacobus
881 3662 953 3709 cum
968 3642 1190 3711 recitationem
1207 3663 1277 3712 uer·

162 3755 276 3822 borum
291 3753 370 3820 dicti
384 3753 484 3837 Regis
508 3760 541 3822 et
564 3751 686 3836 Vgonia
708 3750 819 3818 militis
849 3749 972 3818 domini
987 3751 1121 3823 Naruoli
1136 3751 1277 3820 audiuis-

162 3869 213 3930 set
228 3861 336 3928 silicet
356 3855 442 3946 (tgy)
466 3861 499 3928 in
524 3859 700 3942 Veneriam
725 3878 873 3926 necemus
898 3857 958 3926 init
974 3859 1195 3928 abdominum
1210 3861 1276 3928 Du·

162 3988 234 4038 eom
257 3978 290 4036 et
314 3969 384 4036 eius
407 3967 575 4034 consilium
600 3963 731 4051 dicens,
756 3987 793 4035 se
807 3967 886 4034 bore
901 3965 946 4034 ad
962 3967 1021 4035 hos
1036 3967 1199 4036 audiuisse
1216 3985 1275 4054 per

161 4077 291 4162 singula
314 4075 378 4142 dici
402 4077 507 4142 eidem
532 4073 659 4141 domino
684 4074 833 4142 Dimitrio
859 4076 941 4160 Regi
965 4082 998 4142 et
1031 4075 1137 4144 eidem
1167 4073 1274 4161 Vgoni

162 4185 348 4268 omniaque
363 4183 397 4250 in
412 4183 539 4250 munla
554 4182 618 4248 ista
634 4177 723 4250 facta
746 4203 807 4269 per
831 4183 1058 4251 Hermecorum
1075 4181 1273 4270 Oitopresbi·

162 4301 267 4362 terum
291 4299 325 4358 et
348 4291 509 4358 notarium
525 4290 749 4358 continebatur
764 4286 859 4378 (rgy).
876 4291 983 4360 Tenor
999 4291 1091 4376 eujus
1107 4291 1184 4358 talis
1200 4295 1270 4358 est:

268 4403 306 4468 In
320 4402 448 4471 nomine
461 4397 582 4466 domini
596 4399 661 4471 Dei
676 4405 707 4466 et
722 4399 904 4468 saluatoris
929 4398 1031 4466 nostri
1044 4399 1124 4467 lesu
1139 4399 1270 4468 (lbristi.

160 4511 252 4577 Anno
261 4509 392 4578 Domini
401 4505 660 4576 aeonius
670 4526 781 4576 mense
792 4507 912 4575 biarcio
921 4505 1179 4577 IndictionoXIL
1186 4507 1270 4576 Riuo

160 4618 236 4686 alto.
252 4615 478 4690 Testificamus
493 4635 554 4686 nos
569 4613 746 4684 Demitrins
762 4615 824 4684 Dei
839 4613 951 4699 gratia·
962 4613 1113 4684 Salanikl
1123 4615 1221 4703 (Rea)
1237 4622 1271 4684 et
