3214 5072
311 1051 454 1138 Apytri
475 1047 626 1138 teptadm
657 1048 877 1135 duoepdlyeoeo
909 1049 1100 1136 bizorrpe'tjo,
1138 1049 1215 1134 dopy
1248 1049 1430 1132 Kereeztrir,

318 1161 460 1246 Vausooy
484 1162 514 1224 es
536 1160 623 1245 Loz'y
646 1157 804 1243 delyotyck
821 1156 943 1221 lutosae·
966 1183 987 1221 a
1009 1157 1123 1222 dadoni
1132 1155 1336 1242 fdirpdrruuk
1351 1179 1427 1221 rem-

620 1263 711 1329 miocl
733 1285 801 1328 rtem
823 1264 997 1328 toutozuuk.
1021 1267 1118 1329 1210.

210 1523 313 1552 Α
417 1446 568 1512 Kilianus
584 1443 646 1509 Dei
676 1443 790 1527 gracia
820 1443 1008 1530 Prepositus
1040 1451 1074 1510 et
1104 1447 1205 1510 totum
1237 1443 1426 1529 Capitulum

311 1551 498 1620 Geuriensis
533 1552 680 1619 Eoolosie
711 1549 859 1618 omuibus
889 1552 1015 1620 litteras
1039 1559 1207 1637 presentes
1233 1553 1428 1638 inspecturis

310 1661 450 1727 salutem
464 1662 498 1728 in
514 1660 662 1728 Domino.
687 1659 738 1724 Ad
753 1659 973 1727 universitatis
990 1667 1096 1728 vestre
1112 1661 1259 1727 notitiam
1277 1663 1426 1727 volumu's

205 1749 273 1839 f)
309 1771 489 1854 pervenire,
506 1768 679 1854 quodcum
695 1767 792 1834 Urius
809 1767 921 1836 Abbou
949 1769 1043 1834 Beati
1069 1767 1200 1836 Martini
1226 1769 1427 1854 inspexisset

309 1877 446 1966 populos
463 1897 548 1963 suos,
565 1876 718 1944 videlicet
733 1875 767 1940 io
782 1874 861 1942 villa
878 1877 997 1942 Sancto
1015 1877 1136 1961 Crucis,
1153 1885 1186 1942 et
1201 1878 1234 1942 in
1251 1871 1338 1943 villis
1364 1877 1427 1942 Vo-

309 1990 381 2054 sion
397 1982 578 2073 (Versany)
594 1991 627 2050 et
651 1985 741 2070 Lazy
761 2007 781 2051 u
798 1985 994 2058 custodibus
1016 1987 1111 2072 sylve
1135 1986 1253 2051 Bukon
1277 1983 1428 2068 frequen-

310 2105 358 2162 ter
375 2093 560 2181 aggravari,
578 2101 610 2158 et
627 2112 726 2177 super
741 2092 873 2158 eosdem
888 2093 1027 2178 populos
1051 2093 1206 2178 injustam
1235 2093 1425 2178 pensionem

310 2205 440 2286 exigere
457 2201 576 2267 domiti
591 2199 632 2266 de
658 2200 794 2286 Bukon,
818 2205 915 2282 atque
941 2201 1076 2267 eundem
1102 2198 1259 2267 Comitem
1284 2202 1318 2265 in
1344 2201 1426 2286 ipsis

309 2309 516 2393 descendere,
534 2309 618 2374 siout
632 2309 665 2374 in
682 2309 798 2373 ceteris
829 2307 916 2374 viliis
936 2327 1020 2392 quae
1044 2297 1124 2375 suit
1142 2309 1175 2374 in
1200 2307 1334 2392 Bukon3
1359 2328 1425 2373 nou

308 2419 422 2487 volens
433 2423 501 2484 tam
516 2415 671 2502 injustum
686 2434 905 2500 oggruuamen
927 2418 1094 2500 sustinere,
1106 2423 1239 2504 eccepto
1256 2417 1425 2502 prestaldo

309 2529 438 2594 nomine
447 2525 559 2592 Blasio
575 2545 595 2591 a
611 2524 741 2590 domino
759 2527 848 2610 Rege
864 2524 1010 2610 prefatos
1024 2527 1174 2592 custodes
1191 2523 1284 2610 syloe
1300 2523 1333 2589 in
1349 2527 1424 2609 pr'e·

309 2637 452 2704 senciam
468 2631 589 2698 domini
604 2630 703 2716 Regis
721 2631 843 2698 citauit.
869 2631 1013 2714 Suntque
1029 2632 1077 2698 iili
1093 2631 1242 2698 custodes
1267 2632 1360 2718 sylve
1383 2633 1425 2698 de

308 2743 392 2832 villo,
411 2743 549 2828 Quyere,
575 2761 709 2823 quorum
734 2742 865 2808 nomina
890 2749 965 2807 sunt
989 2740 1068 2808 heo:
1100 2741 1288 2828 Gregorius,
1313 2743 1423 2824 Potus,

308 2855 407 2920 Foco.
430 2852 511 2918 (ium
527 2851 625 2942 igitur
640 2849 696 2915 isti
711 2849 925 2934 prenominati
950 2850 1104 2916 custodes
1131 2853 1223 2937 sylve
1249 2869 1424 2935 cognosce·

291 2965 380 3027 rent
394 2958 562 3034 veraciter,
578 2977 641 3024 non
657 2977 755 3044 posse
772 2959 911 3042 probare
927 2961 1065 3045 populos
1095 2959 1312 3045 predictorum
1328 2953 1436 3026 trium'

308 3069 459 3150 uillarum
474 3065 568 3132 Beati
593 3066 723 3131 Martini
748 3068 791 3132 od
817 3070 931 3135 eadem
959 3071 1063 3136 teneri
1089 3071 1206 3137 Comiti
1230 3072 1270 3137 de
1295 3068 1423 3153 Bukon,

309 3175 470 3243 Abbotem
484 3180 682 3258 rogaverunt
696 3181 854 3261 potentes,
871 3197 912 3243 ue
929 3185 1042 3242 contro
1059 3197 1113 3244 eos
1139 3197 1272 3246 causum
1299 3183 1423 3263 ageret,

307 3285 460 3366 litemque
476 3283 662 3368 deponeret.
685 3283 778 3350 Vnde
803 3283 908 3352 dictus
933 3285 1046 3352 Abbas
1074 3305 1184 3352 eorum
1208 3291 1325 3370 rogatu
1349 3285 1423 3350 edu-

307 3392 422 3460 duotus
439 3411 511 3458 cum
526 3391 693 3478 prestuldo
710 3393 809 3478 Regis
825 3396 939 3478 gracia
964 3394 1208 3462 testifieaoionis
1234 3415 1291 3461 eos
1319 3393 1421 3460 admi·

310 3501 360 3584 sit,
375 3501 409 3567 in
423 3507 600 3584 nostraque
621 3503 788 3585 presentie
803 3523 859 3570 ore
887 3503 1019 3589 proprio
1047 3511 1121 3570 sunt
1145 3501 1319 3587 testificati,
1337 3503 1423 3588 quod

307 3609 419 3695 populi
433 3608 791 3692 sepedictorumtrium
816 3612 968 3680 villorum
992 3631 1155 3694 uunquam
1180 3611 1336 3678 deberent
1361 3613 1421 3677 uli-

309 3735 406 3799 quem
420 3717 548 3784 solvero
562 3717 752 3802 pensionem
773 3719 891 3786 Comiti
907 3719 947 3788 de
963 3721 1090 3804 Boion,
1114 3741 1176 3787 nec
1192 3721 1309 3787 Comes
1325 3719 1423 3785 debe·

308 3823 358 3891 r'et
380 3826 413 3891 in
438 3825 519 3909 ipsis
544 3825 751 3893 descendere.
776 3827 881 3912 Hujus
905 3829 1003 3913 igitur
1027 3830 1076 3896 rei
1100 3849 1163 3896 nos
1185 3849 1294 3898 sumus
1321 3835 1422 3894 tester

271 3976 290 4033 ,¹
308 3934 457 4002 Kitionus
481 3933 679 4018 Propositus,
705 3933 825 4002 Cantor
850 3935 949 4022 Vede,
975 3937 1089 4005 Helias
1116 3939 1277 4023 Deconus,
1304 3937 1421 4006 Custos

262 4060 282 4165 p
307 4042 420 4107 Petrus
435 4049 469 4106 et
485 4041 584 4106 ceteri
599 4039 754 4109 Oononioi
771 4063 866 4126 quum
888 4047 1007 4130 piures.
1031 4048 1074 4112 Et
1100 4055 1135 4114 ut
1153 4047 1214 4124 hee
1238 4053 1311 4112 roto
1328 4053 1360 4111 et
1375 4047 1421 4113 in·

284 4167 463 4216 xoonousso
492 4151 755 4236 permansurum
780 4160 933 4234 eternum,
957 4153 1059 4240 sigilli
1083 4157 1185 4224 nostri
1208 4155 1420 4242 impositione

249 4307 255 4313 .
309 4257 594 4326 corroboraoimus.
610 4257 702 4324 Anno
717 4257 808 4324 verbi
822 4257 883 4325 Dei
903 4261 1000 4328 1210.

309 4431 567 4504 (transmutent
584 4429 944 4505 ttspttrtglevtlttrtban
964 4434 1055 4492 ldtezd
1073 4439 1179 4497 eredeti
1203 4439 1283 4508 utdn.
1310 4441 1419 4511 'ductu
