3198 5058
666 829 745 896 m

153 1005 181 1072 Δ
214 994 359 1095 &petoni
386 1007 586 1093 iepoooknok
616 1005 718 1074 itekte
746 1007 862 1091 Uride,
881 1007 1112 1092 panoonbaime'
1137 1012 1216 1094 aptit
1246 1013 1279 1072 ts

394 1137 416 1182 o
429 1117 553 1182 oenoe
567 1119 626 1182 nor
633 1115 813 1204 jobbripyue'
828 1114 907 1181 boat.
925 1117 1023 1180 1233.

255 1295 326 1362 Nos
351 1293 528 1380 Gregorius
551 1291 638 1362 tilius
663 1292 802 1363 Busillei
818 1300 851 1360 et
866 1293 941 1361 Hob
960 1293 1103 1361 Comites
1118 1287 1169 1379 ide
1186 1293 1274 1378 wig-

148 1421 225 1470 man
240 1399 462 1486 signibeemus
479 1401 626 1470 omnibus
642 1408 813 1489 presentes
829 1403 956 1470 litteras
972 1401 1176 1488 inspeoturis,
1188 1399 1274 1484 qnod

149 1509 553 1580 oomRexAndreosbone
563 1513 719 1578 memorie
730 1530 864 1579 tonsum
872 1508 1013 1580 Abbatis
1025 1509 1276 1578 SonetiMsrtini

148 1618 189 1684 do
199 1619 301 1687 Sooro
311 1619 420 1686 Monte
430 1619 608 1706 Pannonis,
618 1639 714 1704 quum
724 1617 840 1686 hebuit
850 1616 1164 1706 oumjobngionibus
1174 1617 1276 1685 oostri

148 1725 189 1792 de
206 1727 344 1812 Soemte,
360 1726 516 1794 videlieet
531 1746 630 1813 super
647 1735 767 1796 terrem
783 1727 934 1812 magistri
943 1725 1120 1812 Smerugdi
1135 1743 1274 1793 eommu-

148 1851 222 1900 nom
238 1852 310 1900 oum
323 1831 557 1919 jobegionibus
575 1835 872 1922 uostrisupredioti
887 1835 920 1902 in
936 1833 1163 1920 dnobusloois,
1173 1852 1272 1916 quom

148 1942 253 2009 eeiem
269 1942 377 2010 dietus
392 1942 505 2010 Abbus
522 1963 696 2029 asserens,
724 1953 761 2014 ut
776 1943 882 2012 diotns
899 1943 1056 2026 magister
1071 1941 1273 2029 smaragdus

147 2071 206 2136 pro
230 2049 375 2118 remedio
402 2051 510 2118 anime
534 2070 593 2118 sue
619 2053 769 2120 Ecclesie
794 2051 908 2121 Senoti
932 2051 1065 2118 Martini
1085 2050 1274 2118 dimisisset.

147 2159 216 2226 Nos
232 2159 332 2242 igitur
346 2165 414 2228 tem
429 2159 593 2229 Abbetem
611 2179 708 2244 quem
719 2161 916 2246 jobngiones
936 2160 1036 2226 uestri
1052 2163 1273 2245 provooentes

148 2265 192 2332 od
207 2267 429 2350 sententium,
450 2265 549 2350 juxte
567 2285 649 2352 quos
662 2266 859 2352 jobogiones
874 2267 973 2338 oostri
999 2265 1139 2334 Curislis
1155 2266 1274 2334 Comes

147 2373 188 2440 de
204 2374 337 2441 Soomte
352 2373 425 2440 vioe
441 2373 576 2442 bonite
593 2375 720 2463 Oepeni
735 2374 792 2460 filij
810 2375 900 2441 Petri
916 2381 1007 2442 steus
1026 2373 1115 2461 ipsos
1140 2373 1273 2440 interro·

148 2481 307 2568 gerimus,
332 2482 411 2548 utsi
435 2484 595 2567 magister
619 2479 853 2569 Smaragdos)
869 2489 987 2550 terrem
1004 2481 1174 2550 habuisset
1190 2501 1274 2550 oom-

149 2607 277 2656 munem
293 2589 327 2654 in
343 2585 469 2656 duobus
487 2589 569 2656 loeis
581 2589 819 2677 jobegionibus
843 2590 955 2656 uestri.
987 2589 1050 2670 Qui
1075 2591 1274 2676 responden·
1413 2613 1415 2621 ·

148 2703 197 2764 tes
206 2744 216 2780 ,
242 2703 279 2764 ut
297 2697 329 2762 in
350 2694 475 2764 duobus
491 2697 573 2766 loeis
589 2704 711 2766 terrem
727 2699 863 2766 heberet
879 2717 1077 2766 eommunem
1094 2699 1272 2784 oomJobe·

147 2805 299 2888 giombus
324 2805 435 2874 eostri.
461 2806 530 2874 Nos
567 2814 677 2874 eutem
703 2807 870 2876 sentenoie
895 2809 1007 2876 taliter
1025 2807 1223 2893 judicantes.
1243 2813 1277 2874 et

148 2917 402 2996 egnossoentes,
428 2917 464 2978 ut
488 2913 650 2982 tediosmn
675 2919 763 2983 esset
779 2914 1014 3004 jobegionibus
1031 2915 1131 2986 oestri
1146 2917 1180 2984 in
1196 2914 1274 2983 duo

147 3017 208 3084 bus
224 3017 306 3084 loeis
321 3037 393 3086 oum
409 3018 495 3086 dioto
505 3019 636 3090 Abbete
652 3020 808 3109 detinere,
825 3023 950 3092 Abbati
965 3021 1133 3110 sepedicto
1149 3023 1192 3090 eb
1208 3041 1274 3090 uno

148 3131 242 3212 purte
266 3131 406 3211 terrem,
431 3134 588 3212 quantum
612 3130 647 3195 in
673 3131 801 3198 dnobus
817 3131 898 3198 loeis
913 3129 1119 3217 possedisset
1134 3149 1193 3218 per
1208 3132 1273 3218 pri
1304 3149 1306 3152 ·

148 3234 288 3302 steldum
313 3244 459 3305 nostrum
483 3238 614 3304 nomine
639 3239 777 3306 Zonuuk
793 3239 834 3304 de
850 3239 990 3325 Vigmen
1002 3239 1099 3325 juxto
1114 3233 1274 3325 palatium

148 3343 298 3427 magistri
322 3343 497 3430 Smaragdi
522 3346 608 3413 ultro
633 3345 718 3431 ng
743 3344 879 3412 fecimus
895 3345 1071 3431 assignari.
1103 3345 1146 3412 Et
1161 3351 1196 3411 nt
1211 3345 1274 3412 boe

146 3453 348 3538 inposterum
363 3445 597 3520 inuiolabiliter
612 3459 813 3540 permoneat,
835 3454 878 3522 ed
893 3452 1090 3540 petioiouem
1106 3453 1273 3538 utriusque

147 3561 251 3647 partis
268 3561 449 3647 sigillorum
464 3569 646 3630 nostrorum
663 3562 838 3629 munimine
854 3559 1146 3629 eomoboronimus.
1171 3563 1273 3630 -Aono

148 3667 318 3736 Dominioe
335 3670 580 3737 Inoernuoionis
596 3669 947 3739 M⁰.oo⁰.xxx⁰.111⁰.
965 3667 1035 3739 Heu
1049 3676 1126 3738 sunt
1140 3671 1273 3738 nomine

143 3777 367 3863 jobogionum,
381 3778 436 3862 qui
453 3785 566 3845 oontro
581 3779 742 3846 Abbetem
758 3777 955 3847 adstiterunt
966 3803 973 3843 :
986 3777 1045 3846 Wr
1061 3780 1166 3867 mujor
1182 3799 1272 3848 exer-

117 3971 122 3978 ·
148 3887 240 3964 uitus,
256 3887 373 3955 Petrus
389 3886 475 3954 iilius
492 3885 574 3972 Ouk,
589 3887 755 3972 Dominio,
766 3887 918 3958 Buskard
935 3905 1007 3956 oum
1024 3907 1095 3957 sum
1112 3889 1181 3960 suis
1197 3912 1272 3959 oon-

147 3993 319 4064 similibus.

302 4169 445 4244 (Eredetie
464 4188 482 4228 e
500 4170 714 4229 ment-mortono
733 4169 887 4244 foopttstg
905 4170 1127 4245 levelttrbbeu.)

628 4433 844 4446 ..μ-...-
