3214 5066
547 412 550 416 .
666 327 823 430 ΑΒ..

187 531 221 590 et
235 522 301 591 tilio
317 522 408 610 eius,
433 532 467 592 et
492 542 564 591 enm
588 543 654 592 uno
677 524 795 608 uinea,
822 523 928 591 eidem
944 525 1094 594 Eeoiesie
1109 523 1303 610 assignabit.

186 631 269 698 Item
284 619 500 702 Leustuebius
518 639 550 700 et
565 652 645 698 uxor
660 619 719 698 sua
734 633 865 699 nomine
880 631 971 698 Hilta
987 632 1143 702 dederunt
1155 633 1302 718 predium

186 739 311 834 Preoba
327 761 399 807 eum
409 741 454 807 VI
465 741 648 810 aratoribus
666 748 699 806 et
713 741 745 806 II
762 741 891 824 aratris,
910 760 1044 825 quorum¹
1058 739 1215 810 uidelicet
1229 762 1302 809 ara·

185 854 290 915 torum
314 849 446 916 nomina
470 855 545 915 sunt
561 846 640 914 beo:
673 849 749 937 Spp,
781 848 976 934 Chempeeb,
1007 849 1158 934 Wasard,
1189 851 1312 932 Rososss

186 955 311 1040 Obuma
320 1005 329 1039 ,
344 957 459 1024 Etoha.
490 957 573 1024 Item
589 956 634 1022 VI
649 957 765 1024 uineas
782 976 854 1023 oum
870 957 1062 1030 uinitoribus
1077 973 1203 1042 nouem,
1225 976 1301 1042 quo-

186 1083 255 1132 rum
270 1065 403 1154 nomina
419 1073 495 1133 sunt
510 1065 589 1132 beo:
616 1066 777 1158 Panoosq,
799 1063 918 1152 Bubta,
943 1063 1083 1150 biiobai,
1101 1065 1203 1160 Qu,
1231 1065 1302 1150 But,

186 1172 357 1258 Obotober,
374 1173 480 1258 Hega,
497 1173 651 1256 Adamas,
668 1174 806 1240 Pentuk.
822 1159 905 1240 item
922 1171 1117 1241 dederuntG
1132 1191 1211 1240 oues
1228 1192 1303 1240 eum

185 1280 233 1346 III
247 1281 443 1366 pastoribus,
460 1301 598 1365 quorum
608 1281 738 1348 nomina
755 1289 830 1350 sunt
844 1280 926 1350 beo:
954 1281 1066 1368 Pyobu
1081 1300 1152 1346 oum
1167 1277 1200 1346 II
1214 1279 1302 1366 iilijs,

185 1388 340 1456 uidelicet
354 1390 488 1474 Rengnz
506 1398 539 1458 et
554 1391 667 1457 Yuan.
685 1392 768 1458 Item
785 1410 885 1474 equas
902 1388 1076 1456 indomitas
1092 1389 1191 1456 XXX
1206 1388 1302 1456 dede-

184 1505 268 1564 runt.
285 1499 366 1564 Ibem
377 1497 593 1584 jobagiones,
611 1517 748 1582 quorum
762 1500 894 1566 nomina
910 1507 984 1564 sunt
1000 1497 1079 1564 hee:
1103 1499 1215 1568 Bunsa
1231 1517 1302 1564 oum

184 1606 217 1700 II
231 1603 319 1690 fiiijs,
336 1605 491 1674 videlieet
505 1607 603 1674 Wina
620 1615 653 1673 et
670 1607 819 1692 Gyuuan,
837 1605 965 1673 Obotad
981 1625 1053 1672 eum
1069 1608 1102 1672 11
1117 1604 1205 1692 filijs,
1216 1607 1302 1674 Heu-

185 1714 244 1780 seb
261 1721 295 1780 et
310 1712 438 1800 Tbekn,
453 1715 603 1783 Julianus
620 1735 692 1782 oum
707 1714 782 1798 filio,
799 1716 920 1797 Benoa,
932 1713 1051 1799 Eusud,
1065 1715 1174 1798 Forte,
1185 1716 1301 1782 Poson.
1390 1763 1397 1772 .

101 1830 106 1839 “
184 1823 269 1889 Istos
278 1841 357 1888 uero
367 1818 597 1909 quatonr(igy)
608 1821 984 1908 uidelicet:0bus,Zava,
993 1807 1172 1889 etDomose
1182 1823 1303 1891 dimisit

184 1931 276 1996 uxori
291 1946 350 1996 sne
365 1933 470 1998 solum
487 1931 697 2016 quoadusque
714 1932 846 2014 uixerit;
872 1939 947 2016 post
971 1931 1091 1997 obitum
1107 1949 1184 1997 uero
1199 1929 1302 2017 ipsius

184 2039 229 2104 ad
242 2039 309 2104 iam
326 2037 447 2107 dietum
463 2040 703 2124 Monasterium,
715 2039 798 2106 sient
807 2025 963 2122 adipsum
974 2038 1193 2124 pertinebunt,
1202 2039 1301 2125 pleno

183 2146 252 2212 iure
268 2147 462 2233 pertineant.
479 2149 562 2213 Item
578 2146 774 2216 dederuntV
779 2146 981 2232 pedisequas
993 2148 1035 2214 ad
1047 2145 1190 2214 lananda
1198 2147 1299 2213 uesti-

183 2261 295 2324 menta
310 2255 461 2322 altarium
476 2261 509 2322 et
525 2256 686 2348 mensalia
700 2251 838 2336 Abbatis
863 2261 961 2337 utque
987 2255 1139 2339 fratrum,
1166 2273 1300 2340 quorum

183 2362 405 2431 nominasent
421 2363 501 2430 beo:
520 2363 603 2449 Oug,
617 2362 757 2448 Hagnia,
774 2362 938 2444 Leuebud,
954 2361 1049 2448 Tala,
1067 2362 1185 2454 Ounoa.
1218 2364 1301 2430 Item

183 2471 343 2540 dederunt
357 2472 392 2537 in
406 2471 515 2539 insula
530 2471 649 2540 Abada
664 2470 810 2558 predium
835 2491 907 2538 oum
922 2469 955 2536 X
970 2471 1191 2538 mansionibus
1207 2471 1301 2537 liber·

184 2567 331 2664 tinorum,
348 2588 381 2645 et
395 2578 544 2666 predium
559 2581 687 2646 nomine
704 2578 825 2646 Petend
841 2599 912 2644 eum
922 2579 954 2668 X
964 2579 1189 2648 mansionibus
1204 2579 1300 2646 liber·
1412 2656 1418 2670 ι

183 2688 343 2772 tinorum,
367 2695 401 2754 et
418 2689 536 2754 ueteris
553 2685 597 2752 ad
613 2689 718 2772 ipsum
733 2685 969 2772 pertinentibus
980 2692 1040 2766 ,et
1053 2693 1178 2774 partem
1196 2687 1300 2754 seiam

184 2815 388 2880 enumquam
399 2797 584 2864 habuerunt
595 2796 749 2862 inWinar.
757 2797 909 2864 Preterea
919 2796 1145 2864 confirmamus
1154 2796 1300 2884 predium

169 2899 319 2984 'Petend,
331 2905 418 2988 quod
428 2885 540 2972 Abbas
556 2905 621 2971 iam
638 2905 724 2971 diete
741 2903 888 2970 Ecclesia
905 2905 1024 2971 aGenr
1039 2889 1225 2972 iilio'Geren
1240 2923 1300 2990 pro

182 3011 671 3098 LXetVImaroisreoepit,oum
681 3013 784 3079 seruis
794 3010 956 3078 libertinis
966 3020 999 3079 et
1010 3014 1126 3080 ceteris
1137 3012 1299 3099 pertinen·

183 3121 254 3206 oijs.
270 3121 352 3187 item
364 3119 560 3206 jobagienes
569 3168 578 3202 ,
608 3139 691 3216 quos¹
702 3106 861 3202 Magister
877 3120 964 3187 Geor
979 3120 1038 3205 filij
1056 3117 1162 3188 Geren
1177 3141 1236 3207 pro
1252 3140 1300 3188 re·

183 3229 290 3296 medio
307 3230 413 3296 anime
429 3249 488 3296 sue
504 3228 651 3305 Eeolesie
667 3227 914 3295 Beati-Martini
939 3229 1131 3312 reliquerat,
1158 3229 1222 3314 biJs
1246 3249 1300 3298 ex·
1356 3314 1358 3322 γ

182 3338 362 3426 primuntor
378 3336 565 3404 nooabulis:
584 3336 683 3422 Lena,
698 3339 795 3418 Pous,
812 3335 962 3422 Tumpud
978 3356 1049 3402 oum
1060 3334 1221 3420 IIHfilijs.
1233 3337 1299 3403 No·
1329 3345 1336 3358 “

182 3445 272 3514 mina
287 3467 365 3513 uero
381 3466 547 3515 seruorum
562 3453 637 3512 suut
654 3445 713 3511 beo
724 3468 732 3508 ε
744 3442 865 3528 Budus,
878 3446 1003 3528 Gosma,
1016 3441 1167 3527 Damian,
1180 3442 1298 3530 Disky,

183 3553 277 3619 Vina.
295 3553 588 3650 Heesuntnomina
599 3552 809 3620 aneillarum:
826 3553 1083 3634 Zumboiqaeum
1093 3549 1161 3618 filia
1170 3551 1300 3618 nomine

182 3659 286 3748 Tepa,
304 3667 337 3729 et
352 3660 527 3752 Obrispina
541 3683 600 3750 pro
615 3681 661 3728 se.
678 3664 761 3729 item
777 3661 989 3728 confirmanus
1000 3659 1209 3726 medietatem
1220 3660 1299 3740 uille

182 3769 286 3856 llbeu,
303 3777 401 3868 quam
418 3769 559 3856 Opoebs,
576 3771 676 3836 frater
692 3769 769 3838 dieti
783 3769 886 3854 Oatlu,
899 3767 1209 3854 oumjobagionibus
1220 3769 1298 3853 suis,

183 3885 217 3944 et
232 3879 350 3946 oeteris
365 3879 574 3965 pertinenoijs
590 3879 845 3946 EeolesieBeati
855 3877 987 3945 Martini
1004 3879 1147 3961 eontulit,
1164 3896 1298 3960 qnorum

182 3989 316 4056 nomina
331 3997 407 4055 sunt
421 3990 500 4056 beo:
527 3989 660 4072 Dubns,
684 3988 803 4055 Miobal
813 4037 823 4072 ,
840 3975 961 4056 Foroos
979 4007 1049 4054 eum
1064 3986 1203 4074 posteris
1219 3985 1297 4069 suis,
1320 4043 1322 4050 .

182 4095 284 4182 Yupo,
300 4095 454 4184 stephan,
471 4099 567 4180 Juan,
582 4097 738 4179 Jacobus,
763 4077 863 4161 Milud
878 4115 952 4162 oum
967 4095 1067 4161 fratre
1083 4112 1151 4177 suo,
1174 4093 1298 4176 Zegun,

183 4207 308 4292 Petrus,
337 4207 429 4290 Pani,
446 4203 549 4290 Odon,
566 4203 761 4288 Cardinalis,
778 4204 873 4270 Mune
888 4223 960 4270 oum
975 4202 1052 4286 filio,
1073 4203 1183 4286 Cema,
1200 4203 1297 4284 Ilens,

183 4311 348 4400 Gbymoz,
374 4313 515 4398 Nimuga
525 4361 533 4397 ,
551 4313 655 4378 Bella.
680 4311 748 4378 Hos
765 4331 876 4376 omnes
892 4311 1055 4396 predictos
1071 4329 1142 4376 eum
1157 4309 1297 4394 posteris

183 4440 294 4488 eorum
310 4420 471 4488 uniuersis
496 4427 529 4485 et
547 4427 644 4486 terra.
672 4419 825 4485 Preterea
840 4412 925 4483 idem
941 4415 1071 4502 Opoebs
1087 4415 1177 4484 dedit
1192 4417 1306 4496 eidem¹

185 4530 333 4598 Eoelesie
359 4547 486 4596 seruum
511 4528 639 4594 nomine
654 4510 773 4594 'Bozou
795 4545 867 4592 oum
882 4533 970 4594 terra
985 4525 1028 4592 ad
1043 4527 1203 4594 culturam
1218 4545 1301 4610 qua-v

135 4637 139 4656 ²
172 4637 365 4704 morborum
382 4619 579 4723 suifioienty,
595 4642 631 4704 ut
647 4635 784 4720 singulis
799 4634 893 4704 annis
908 4651 984 4702 suas
1000 4636 1154 4720 exequias
1171 4635 1296 4702 faueret
