3214 5066
819 337 885 404 204

295 538 388 620 Quod
413 538 442 606 si
466 557 529 606 non
554 553 665 604 omnes
689 533 756 622 hiis
774 533 971 620 exequendis
989 533 1156 622 potueritis
1170 535 1345 620 interesse,
1370 543 1406 604 tu

295 648 396 715 irater
409 645 573 731 Episcopo
589 663 663 712 cum
680 662 790 713 eorum
806 647 908 713 altero
924 663 966 712 ea
981 643 1206 711 nichilominus
1223 645 1404 730 exequaris.

295 753 413 822 Datum
430 755 585 821 Laterani
599 755 638 820 V.
654 752 703 819 ld.
718 752 796 838 Julij
814 749 1022 820 Pontificatua
1046 751 1149 818 nostri
1174 771 1259 820 anno
1276 759 1405 820 octauo.

392 977 395 982 ,
454 926 598 1001 (Eredetic
610 946 628 984 a
640 925 854 986 uzant-mittent
866 925 1018 1001 idapdtstg
1028 925 1249 997 leudltdrdbau.)

718 1189 962 1203 *un——

816 1466 892 1532 119.

294 1649 342 1713 Π.
365 1647 495 1735 Fripyea
518 1645 729 1710 romei-comer
744 1647 868 1708 csdszdr
884 1644 949 1709 III.
966 1643 1128 1712 Honorius
1149 1649 1251 1732 popei
1277 1667 1297 1709 o
1321 1654 1405 1709 acuat

288 1753 367 1840 fh'ld
383 1755 521 1842 dppeirbi
540 1753 722 1830 macunen,
738 1773 759 1815 a
773 1753 948 1854 kerecmyda
956 1750 1192 1839 sep'edelmelcet,
1209 1751 1405 1816 audommut

295 1885 316 1926 a
326 1881 462 1952 'mappae
476 1861 597 1948 ktrctyr
620 1863 649 1925 is
672 1863 710 1946 uj
730 1860 876 1925 hamster
891 1861 1047 1926 ltdbccucra
1063 1859 1251 1925 coadoratur·
1264 1859 1404 1964 tivocja.

791 1969 889 2034 1224.
1490 1981 1493 1987 “

398 2145 624 2237 (Sanctissimc
639 2149 673 2214 in
690 2146 817 2215 Christo
832 2147 920 2232 patri
932 2147 1073 2216 Honorio
1083 2148 1147 2214 Dei
1163 2146 1276 2233 gracia
1285 2145 1403 2213 Sancte

292 2259 435 2324 Romane
459 2263 492 2324 et
516 2256 712 2323 uniuersalis
738 2256 886 2325 Ecclesie
912 2257 1040 2324 Summo
1057 2253 1205 2322 Pontifici
1220 2253 1405 2320 Fridericus

294 2363 411 2432 eadem
426 2363 539 2447 grada
554 2363 771 2429 Romanorum
786 2365 965 2448 Imperator
980 2381 1107 2448 semper
1123 2363 1289 2448 Augustus
1305 2369 1338 2428 et
1352 2359 1402 2426 Si·

294 2471 367 2539 cilie
383 2473 453 2537 Rex
468 2473 606 2537 salutem
624 2477 656 2536 et
671 2471 886 2538 reverentiam
906 2470 1037 2536 filialem
1053 2467 1129 2556 etc.)
1175 2514 1403 2546 .....

293 2580 445 2646 Preteroa
469 2578 569 2645 frater
591 2577 794 2644 Hermannus
810 2579 932 2645 Domus
957 2577 1224 2645 'theotonicorum
1249 2575 1404 2660 Magister

294 2688 337 2756 ad
352 2687 547 2772 presentiam
561 2691 703 2753 nostram
719 2685 897 2766 accedens,
921 2686 1091 2770 proposuit
1115 2695 1148 2752 et
1170 2684 1332 2770 persuasit
1355 2681 1403 2748 in·

293 2801 436 2879 stanter,
460 2791 543 2876 quod
558 2792 599 2860 de
614 2795 750 2861 consilio
766 2800 874 2860 restro
891 2799 963 2860 erat
978 2802 1011 2860 et
1025 2795 1107 2861 satis
1122 2795 1200 2860 utile
1215 2791 1308 2860 vobis
1324 2797 1358 2856 et
1372 2789 1404 2856 ei

294 2901 471 2988 expediens
486 2901 675 2987 ridebatur,
700 2907 736 2968 ut
760 2921 817 2986 pro
839 2909 905 2968 tam
921 2901 1022 2970 arduo
1039 2904 1170 2988 negotio
1185 2909 1270 2968 terre
1285 2902 1404 2969 Sancte

293 3031 366 3079 cum
381 3007 584 3094 Principibus
600 3009 730 3094 Imperii
745 3017 894 3077 oretenus
910 3013 1137 3096 loqueremur,
1163 3027 1275 3077 uersus
1290 3014 1402 3094 partes

293 3118 369 3186 illas
383 3135 442 3182 nos
458 3117 674 3200 personaliter
690 3114 904 3183 conserentes.
919 3117 1013 3196 Quod
1028 3115 1104 3184 dum
1117 3123 1227 3183 nostro
1236 3117 1402 3201 proposito

294 3225 482 3308 residisset,
508 3231 540 3290 et
552 3223 598 3289 in
624 3223 790 3308 procinctu
816 3243 963 3291 essemus
983 3211 1098 3292 uersus
1113 3231 1224 3309 partes
1239 3225 1314 3290 illas
1329 3221 1404 3290 diri·

294 3333 392 3420 gendi
406 3349 596 3418 prosperum
612 3333 673 3398 iter
688 3337 851 3418 nostrum,
873 3333 963 3400 uenit
982 3333 1201 3401 Marescalcus
1217 3339 1328 3399 noster
1342 3331 1404 3397 Ga·

294 3443 487 3528 thaniensis3
498 3447 559 3510 eto.
570 3491 578 3508 .
590 3489 597 3508 .
609 3491 617 3508 .
628 3442 732 3529 Super
747 3461 811 3526 quc
828 3441 941 3509 habita
957 3425 1195 3510 deliberatione
1205 3462 1275 3508 cnm
1291 3461 1403 3527 proce-

294 3551 382 3619 ribus
397 3549 485 3618 curie
500 3555 628 3636 nostre,
643 3549 718 3634 quid
736 3551 899 3618 rideretur
914 3549 1093 3635 agendum,
1118 3552 1223 3618 risum
1238 3557 1290 3618 est
1305 3549 1404 3618 omni·

295 3661 357 3728 bus
371 3657 549 3726 consultius
564 3657 725 3744 expedire,
749 3659 835 3755 quod
850 3655 1038 3725 deberemus
1053 3658 1088 3723 in
1102 3657 1164 3724 boc
1179 3657 1317 3724 articulo
1332 3676 1404 3743 pre·

297 3768 435 3845 sentiam
449 3772 592 3832 nostram
607 3767 648 3833 de
664 3763 774 3832 Sicilie
789 3763 935 3850 partibus
952 3761 1045 3852 (non)
1061 3765 1236 3834 absentare
1251 3771 1312 3842 ete
1328 3767 1403 3832 Pro·

296 3883 369 3964 pter
383 3873 468 3958 quod
484 3871 620 3939 eundern
630 3871 818 3956 Magistrum
833 3871 874 3938 de
890 3873 1073 3940 tamardus
1084 3875 1213 3960 negotio
1228 3871 1403 3942 utile-ridi-

296 4003 366 4054 mus
382 3979 597 4065 onerandum,
621 3981 825 4063 iniungentes
850 3981 881 4047 ei
901 3981 1103 4067 legationem
1116 3981 1159 4048 ad
1173 3983 1340 4069 Principes
1355 3980 1403 4048 fa-

297 4091 463 4176 ciendam,
487 4087 665 4158 scribentes
689 4095 722 4155 ct
745 4089 967 4174 promittentes
993 4111 1051 4177 per
1075 4109 1148 4158 eum
1165 4090 1247 4157 Duci
1262 4089 1403 4173 Austris,

296 4199 496 4285 Lantgramo
512 4197 743 4282 uhnnngiecc
760 4199 876 4266 ceteris
891 4198 1091 4286 Principibus
1107 4197 1307 4282 nominatim,
1321 4216 1404 4264 uec·

297 4327 362 4376 non
375 4304 617 4392 aspergaris
633 4325 673 4374 ae
687 4307 755 4401 suip
771 4307 975 4391 magnatibus
1002 4305 1046 4374 ad
1068 4313 1152 4374 terre
1168 4306 1288 4372 Sancte
1302 4303 1406 4374 subsi-

297 4415 384 4484 dium
398 4416 593 4501 transituris,
607 4415 737 4498 uictum,
753 4421 923 4501 pecuniam
938 4415 1046 4484 atalia
1055 4416 1241 4482 necessaria
1250 4415 1404 4498 inReguo

298 4527 408 4588 nostro
424 4521 603 4590 liberaliter
618 4512 820 4608 exbibenda,
845 4530 938 4608 prout
953 4522 1038 4590 idom
1053 4523 1229 4610 Magister,
1252 4539 1347 4605 quem
1363 4518 1408 4590 ad

300 4636 440 4700 rouen
465 4631 553 4713 prius
568 4632 773 4717 presentiam
788 4631 995 4718 destinamus,
1010 4639 1168 4722 proponet
1182 4633 1215 4700 in
1232 4609 1406 4718 con'spectu
