3214 5066
856 696 861 706 ι

832 781 889 844 91.

304 969 422 1036 Mittor
436 964 539 1036 oddo·
552 963 730 1049 moperb'siti
744 959 879 1054 birdilop
895 981 916 1023 a
924 957 1179 1048 pannonlalmai
1188 930 1427 1024 ozni-morrono·

435 1071 636 1160 opdtsdpnale
653 1067 747 1135 Soron
762 1067 940 1156 lelyotqboo
956 1067 1023 1132 lovi
1038 1066 1184 1134 birtokdt.
1200 1067 1299 1132 1220.

330 1329 332 1334 ,
410 1251 567 1321 Nicolaus
583 1245 647 1314 Dei
661 1249 769 1332 gratia
781 1247 953 1315 Palatinus
969 1254 1003 1315 et
1014 1245 1130 1314 (lomes
1146 1247 1187 1314 de
1209 1246 1338 1340 Snprnn
1357 1247 1428 1314 uni-

308 1363 416 1434 nensis
441 1359 485 1427 ad
510 1377 589 1444 quos
614 1376 750 1444 presens
776 1356 930 1444 seriptum
960 1358 1144 1443 pervenerit
1169 1357 1308 1424 salutem
1323 1357 1360 1422 in'
1374 1373 1425 1441 eo,

306 1471 361 1556 qui
388 1476 437 1537 est
462 1470 554 1536 salue
580 1467 730 1532 omnium.
755 1465 884 1553 Notioie
904 1466 1045 1532 omnium
1067 1465 1215 1534 volumus
1231 1464 1424 1548 olaresoere‚

306 1577 391 1664 qnod
407 1597 478 1644 omn
494 1574 606 1644 Abbas
622 1574 770 1640 Eoolesie
786 1573 880 1640 Beati
894 1573 1025 1642 Martini
1049 1579 1211 1658 repeteret
1233 1589 1343 1639 eoram
1366 1591 1423 1639 no·

305 1687 356 1756 bis
373 1707 394 1754 a
409 1683 599 1770 Dominieo,
620 1681 715 1750 Buda
731 1687 764 1747 et
779 1680 946 1767 Stephano
962 1689 1082 1749 terram
1098 1679 1310 1748 sufficientem
1325 1679 1426 1747 enltui

306 1795 422 1882 viginti
437 1799 616 1860 aratrorum
632 1811 673 1858 ex
689 1790 870 1858 donatione
887 1789 981 1856 Catln
1008 1789 1057 1854 illl
1072 1795 1250 1858 memorate
1273 1787 1425 1856 Eoolesie

305 1904 459 1971 oollatam
476 1918 549 1968 eese
568 1896 881 1984 asserend05etoum
900 1898 933 1964 in
953 1895 1036 1964 huno
1056 1898 1185 1964 modum
1203 1898 1362 1964 intereos
1380 1897 1424 1963 lis

306 2011 362 2080 diu
371 2011 563 2097 agitaretur,
574 2007 706 2078 tandem
722 2005 977 2094 orbeneplaoito
994 2026 1115 2092 eoram,
1125 2013 1157 2073 et
1168 2005 1213 2074 ad
1228 2025 1422 2073 eonsensum

305 2117 512 2203 plurimorum
520 2117 772 2186 convencionem
782 2117 815 2180 in
825 2114 908 2182 hune
918 2116 1046 2182 modum
1057 2117 1141 2181 inter
1151 2133 1186 2181 se
1197 2113 1351 2200 lecerunt
1363 2114 1425 2180 soi-

192 2257 195 2264 v
304 2221 381 2290 lieet
395 2225 557 2310 prenotati
573 2223 634 2290 viri
649 2223 689 2288 D.
706 2223 743 2288 B.
760 2229 792 2288 et
806 2222 840 2288 S.
859 2229 1086 2290 concesserunt
1101 2220 1246 2288 Eoolesie
1261 2221 1424 2308 prelibato

303 2337 424 2398 terram
439 2329 597 2398 arabilem
613 2329 657 2396 ad
672 2330 785 2397 deoem
804 2335 916 2397 aratra
925 2381 934 2416 ,
960 2337 991 2395 et
1021 2336 1141 2398 terram
1155 2348 1360 2398 nemorosam
1376 2329 1422 2398 ad

304 2440 367 2506 dto
382 2444 493 2506 aratra
509 2437 541 2504 in
552 2437 650 2505 Sown
666 2432 807 2524 (Sucro),
825 2437 979 2504 videlicet
993 2439 1175 2526 postposita
1192 2439 1280 2506 omni
1297 2447 1422 2508 oontro-

304 2544 445 2612 diotione
460 2542 729 2622 inridioionoliter
743 2550 899 2630 perpetuo
923 2545 1154 2632 possidendam
1179 2545 1343 2614 mediante
1357 2546 1422 2634 pri·

303 2653 409 2722 staldo
424 2654 577 2719 intereos
588 2652 740 2718 Poanano
765 2652 807 2718 de
823 2671 942 2738 genere
967 2651 1037 2719 Zah
1049 2650 1159 2741 (Zah).
1184 2653 1226 2722 Vt
1240 2661 1348 2722 antem
1364 2655 1425 2722 heo

306 2760 482 2830 eonvenoio
497 2759 607 2855 taliter
624 2779 733 2826 eoram
757 2761 850 2827 nobis
878 2761 1051 2828 terminata
1075 2762 1168 2830 salva
1183 2783 1311 2850 semper
1327 2771 1360 2830 et
1377 2765 1422 2829 in-

306 2887 464 2938 coneussa
479 2873 670 2952 permaneat
685 2869 718 2934 in
734 2875 916 2955 posterum,
942 2867 1083 2956 presenti
1111 2871 1231 2956 pagine
1248 2891 1322 2938 eam
1338 2893 1422 2941 oom-

303 2975 548 3058 mendauimns,
569 2981 601 3043 et
618 2955 793 3042 munimine
809 2976 947 3064 duplicis
964 2977 1061 3062 sigilli
1077 2979 1180 3045 nostri
1195 2977 1330 3047 lecimus
1348 3001 1423 3050 oon-

224 3136 227 3146 .
304 3085 434 3152 firmari.
451 3083 546 3152 Anno
562 3083 735 3152 Dominiee
750 3085 994 3152 Inoamaeionis
1010 3085 1246 3174 M⁰.CC⁰.XX⁰.
1373 3139 1377 3146 .

304 3278 452 3354 (Eredetie
465 3299 483 3336 a
496 3297 535 3338 sn.
549 3280 669 3336 mdrtoni
682 3276 836 3352 idaptltsdg
848 3277 1052 3337 levelttrtbon.
1066 3279 1094 3334 A
1105 3279 1251 3338 nddornalr
1264 3301 1335 3340 enen
1348 3285 1421 3342 biroi

463 3368 660 3428 intdakedeeet
672 3367 885 3450 megerdsltette
897 3368 934 3428 11.
947 3368 1042 3426 Endre
1054 3367 1149 3443 kirtly
1162 3373 1255 3441 1229.)
