3214 5066
851 367 914 436 164

328 591 403 638 rere
421 566 672 637 circumcisionis
690 564 857 630 scientiam
878 562 1057 630 veniendo:
1086 571 1117 631 et
1142 557 1315 649 postquam
1329 565 1445 661 ‘intra-

326 679 408 746 verit
422 678 566 764 gentium
583 659 769 759 plenitudo,
794 670 927 738 taudem
953 665 1230 740 reconciliationis
1251 673 1378 740 iustitia
1394 693 1446 739 se·

326 787 403 853 deat
417 787 450 852 in
467 783 617 863 chermel
633 782 665 847 iu
684 779 866 848 Israelitico
882 780 1020 865 populo,
1048 781 1104 864 qui
1119 802 1213 848 nuuc
1230 789 1396 868 reputetur
1411 781 1447 847 in

326 897 421 962 saltu.
447 897 565 962 Verum
594 911 665 957 oum
681 889 773 959 multi
789 909 847 974 per
864 887 927 954 Dei
944 889 1083 975 gratiam
1100 891 1143 958 ad
1159 890 1221 961 boe
1237 910 1319 975 opus
1335 887 1447 958 idonei

324 1005 455 1070 latitent
470 1003 556 1069 intra
572 998 755 1066 Ecclesiam
771 998 837 1065 otio
864 998 1168 1084 contemplationis,
1192 1007 1351 1068 uocantes
1375 1019 1447 1066 am·

324 1109 474 1196 plexibus
506 1107 680 1175 infecunde
710 1105 884 1188 Rachelis,
910 1105 1058 1174 ridentes
1083 1115 1193 1174 tamen
1220 1108 1370 1174 subtilius
1396 1107 1444 1172 in-

241 1258 242 1262 =
324 1216 485 1302 herendo,
503 1217 611 1300 quise
627 1216 660 1282 in
676 1216 802 1282 cultura
818 1213 987 1281 Dominice
1004 1215 1100 1282 vinee
1116 1237 1180 1283 non
1197 1223 1349 1282 curarunt
1365 1215 1444 1282 hae-

323 1332 418 1393 tenus
435 1344 606 1404 exercere,
632 1325 701 1410 Lye
718 1322 875 1408 secunde,
901 1323 960 1392 sod
985 1324 1101 1410 lyppe,
1128 1325 1224 1408 quasi
1250 1323 1444 1392 connubium

325 1434 553 1519 aspernando:
583 1434 672 1518 ipsos
689 1451 747 1518 per
764 1437 795 1498 te
812 1451 851 1497 ac
867 1431 950 1500 alios
966 1431 1186 1503 Ecclesiarum
1201 1433 1372 1515 Preietos,
1399 1451 1444 1497 ne

325 1563 397 1610 euru
413 1549 484 1610 tota
498 1542 555 1608 die
572 1541 658 1616 circa
674 1539 942 1626 propagationem
957 1562 998 1607 ac
1014 1537 1203 1608 dilationem
1220 1540 1315 1608 vinee
1331 1539 1443 1606 Domi-

323 1654 397 1720 nice
413 1652 562 1719 steterint
578 1649 691 1732 otiosi,
709 1647 794 1732 quod
810 1669 903 1717 nemo
921 1668 978 1714 eor
995 1647 1204 1731 conduxerit,
1238 1649 1372 1716 valeant
1389 1670 1443 1716 er·

326 1761 442 1844 cusani,
459 1759 608 1828 duximus
627 1756 836 1842 excitandos,
853 1765 888 1824 ut
904 1759 984 1826 etin
1001 1743 1063 1822 bac
1081 1757 1253 1826 undecima
1270 1757 1351 1826 bora
1368 1777 1443 1824 con-

324 1870 412 1936 ducti
437 1866 669 1951 mandragoras
686 1868 755 1952 Lye
772 1865 997 1952 ingrediantur
1024 1866 1224 1950 cubiculum,
1252 1873 1285 1934 et
1311 1867 1442 1932 vineam

323 1975 454 2044 Domini
471 1973 621 2048 studeant
636 1993 837 2060 propagare,
862 1971 1040 2040 laboraturi
1057 1974 1152 2057 quasi
1167 1971 1258 2040 brevi
1274 1973 1352 2040 hore
1367 1989 1443 2060 spa
1462 1964 1466 1974 '
1494 1961 1500 1974 ’

323 2091 369 2152 tle
394 2085 427 2150 in
452 2082 586 2165 eadem,
615 2091 647 2148 et
663 2082 767 2149 diurni
784 2081 909 2148 denarii
924 2083 1062 2168 pretium
1081 2083 1252 2168 recepturi.
1283 2082 1444 2162 Quocirca

242 2233 245 2240 ι
324 2191 518 2260 fraternitati
534 2198 589 2256 tue
604 2211 663 2278 per
675 2191 870 2277 ,Apostolica
898 2191 1021 2278 scripta
1044 2192 1254 2276 mandamus,
1281 2200 1443 2275 quatenus

324 2303 358 2366 in
374 2299 540 2384 prouincia
557 2307 614 2366 tua
630 2307 770 2384 quatuor
786 2299 871 2365 viros
883 2299 1044 2383 opinionis
1060 2299 1189 2368 sincere
1205 2321 1245 2366 ao
1259 2285 1443 2366 litterature

323 2406 471 2494 probate,
486 2407 539 2473 vel
555 2415 621 2473 tres
639 2425 697 2472 seu
714 2407 831 2473 saltem
847 2403 940 2488 duos,
957 2406 1177 2490 cuiuscunque
1193 2407 1370 2492 religionis,
1387 2407 1440 2473 rel

324 2513 464 2598 ordinis,
489 2521 521 2579 et
537 2513 765 2579 (listerciensis
781 2501 970 2597 presertim,
996 2513 1048 2578 cui
1064 2515 1221 2581 Dominus
1238 2512 1405 2580 benedixit
1420 2533 1442 2579 a

323 2623 406 2689 mari
421 2641 526 2705 usqne
541 2617 583 2688 ad
600 2641 688 2688 mare
705 2623 807 2707 ipsius
826 2620 1029 2688 extendendo
1045 2622 1218 2707 palmites,
1246 2621 1370 2707 eligas,
1386 2619 1440 2704 qui

324 2749 421 2815 super
436 2729 577 2796 nitentes
594 2730 705 2814 asinos
722 2728 959 2812 ascendentes,
976 2727 1201 2813 habentesque
1218 2729 1318 2796 vitam
1334 2727 1367 2792 in
1383 2747 1438 2812 pa-

245 2825 249 2832 ’
322 2836 437 2905 tientia
463 2843 495 2902 et
513 2843 648 2904 mortem
663 2837 696 2904 in
713 2835 885 2920 desiderio,
904 2844 1020 2923 sponte
1036 2837 1137 2912 velint
1154 2839 1282 2906 animas
1298 2855 1376 2904 suar
1394 2833 1440 2900 of·

322 2945 407 3012 ferre
423 2933 618 3027 discrimini,
644 2965 683 3011 ao
703 2943 898 3011 benedicere
913 2942 1051 3011 Domino
1067 2946 1175 3031 parati
1190 2965 1248 3030 pro
1265 2945 1368 3031 ipsius
1385 2965 1440 3011 no

322 3053 419 3138 mino,
434 3053 463 3120 si
479 3073 560 3138 opus
577 3053 684 3136 fuerit,
702 3053 891 3138 martyrium
908 3055 1086 3136 sustinere,
1116 3075 1155 3123 ac
1171 3055 1262 3141 ipsos
1277 3073 1380 3138 usque
1395 3051 1439 3121 ad

322 3161 442 3230 testum
457 3163 553 3229 Beati
568 3160 700 3228 Martini
716 3166 757 3228 ad
773 3162 973 3247 presentiam
989 3170 1136 3230 nostram
1151 3163 1371 3248 transmittas,
1387 3182 1438 3229 se·

323 3269 460 3336 eundum
486 3270 782 3356 circumspectionis
807 3263 1258 3357 Apostoliee'proridentiam
1283 3291 1348 3339 una
1367 3290 1440 3338 eum

321 3377 398 3463 ilis,
414 3397 494 3462 quos
511 3379 553 3446 de
569 3378 744 3465 provinciis
761 3377 836 3471 aliis
853 3377 896 3444 ad
913 3397 972 3447 nos
989 3381 1182 3446 mandamus
1194 3380 1380 3460 transmitti,
1397 3377 1441 3445 ad

322 3486 526 3554 solitudinem
543 3487 745 3554 diuersarum
762 3489 905 3571 gentium
921 3487 1154 3576 destinandos,
1179 3497 1213 3556 ut
1239 3489 1271 3554 in
1298 3488 1346 3556 eis
1371 3487 1439 3554 fun·

303 3613 306 3621 ⁴
322 3602 436 3682 gentes
452 3595 619 3680 legatione
635 3617 694 3682 pro
711 3595 839 3664 Christo
855 3597 1057 3664 reconciliari
1076 3598 1248 3665 obsecrent
1264 3596 1337 3664 illas
1354 3596 1439 3676 Deo,

323 3703 416 3786 qnasi
431 3723 489 3788 per
505 3703 593 3788 ipsos
611 3703 747 3770 Domino
765 3705 974 3788 exhortante,
1002 3726 1041 3773 ac
1065 3714 1231 3789 tamquam
1249 3705 1336 3773 cives
1353 3706 1439 3789 Apo-

321 3811 475 3879 stolorum
492 3819 524 3877 et
541 3809 710 3877 domestici
726 3811 799 3896 Dei,
820 3811 953 3878 easdem
971 3813 1070 3880 verbo
1087 3813 1233 3880 doctrine
1249 3811 1439 3896 illuminent,

256 3917 257 3920 ’
321 3938 438 4008 pacem
455 3919 606 4005 gentibus
624 3919 804 4004 tribuendo,
824 3940 863 3987 ae
879 3939 950 3986 curn
967 3909 1166 3988 exultatione
1182 3921 1226 3990 ad
1242 3939 1302 3988 nos
1319 3940 1379 3987 seu
1395 3921 1438 3987 ad

320 4025 493 4094 Dominum
509 4025 615 4112 potius
632 4034 832 4098 revertentes
856 4029 984 4096 iusticie
1009 4019 1191 4122 menipulos
1214 4027 1378 4114 referant,
1405 4031 1438 4092 et

323 4134 364 4199 ab
381 4133 494 4201 eodem
511 4135 577 4201 vite
603 4141 751 4202 senatum
776 4136 934 4222 recipiant
958 4137 1117 4223 sanguine
1142 4140 1270 4226 proprio
1286 4135 1438 4210 laureati,

322 4242 414 4322 Quod
430 4243 459 4308 si
476 4241 586 4309 lorsen
604 4241 724 4308 Prelati
741 4262 847 4309 eorum
857 4291 868 4324 ,
892 4245 947 4328 qui
971 4245 1098 4311 animas
1124 4264 1201 4312 suas
1221 4251 1337 4332 sponte
1352 4245 1437 4332 peri·

322 4353 392 4418 culo
409 4351 558 4418 duxerint
577 4351 780 4431 offerendas,
808 4351 968 4418 voluntati
985 4373 1093 4418 eorum
1109 4355 1367 4440 presumpserint
1384 4355 1438 4422 ob

321 4459 424 4540 viani,
451 4459 725 4544 presumptionem
750 4479 858 4526 eorum
883 4459 1058 4530 monitione
1073 4461 1235 4549 premisse
1249 4463 1309 4551 pe'r
1325 4483 1437 4529 censu-

322 4581 390 4626 ram
407 4564 687 4654 eeelesiasticam,
705 4567 923 4654 appellatione
939 4575 1063 4638 remota
1072 4621 1082 4658 ,
1099 4590 1298 4658 compescas.
1316 4567 1437 4642 Datum

323 4669 486 4736 Laterani.
503 4671 566 4740 stb.
