3214 5072
633 374 764 488 pce·

147 575 262 644 deiude
277 595 357 644 uero
373 573 601 644 descendendo
619 581 759 648 nertihrr
786 578 829 644 ad
853 581 1033 666 predictum
1061 583 1170 649 locum
1197 585 1268 654 sinc

151 684 259 768 aliquo
288 683 425 752 cumulo.
450 683 522 751 Non
548 693 657 754 tamen
683 688 742 753 tali
768 687 961 772 conditione,
978 696 1015 754 ut
1038 692 1269 774 perpetualiter

151 792 363 877 possiderent
380 799 415 858 ut
430 791 459 859 si
475 796 547 876 quis
564 814 605 861 cx
622 796 670 863 eis
701 801 823 863 statuto
855 795 1012 881 temporis
1044 800 1181 865 termino
1211 819 1269 885 per

154 901 337 985 snperbiam
355 919 412 968 seu
430 922 488 988 per
507 903 741 990 negligentiam
768 905 945 972 constituta
968 907 1088 973 tributa
1112 927 1176 976 ucn
1200 927 1270 994 per-

151 1011 298 1092 soluerct,
314 1011 413 1078 rebus
432 1011 578 1098 omnihus
595 1014 728 1098 ablatis,
751 1021 843 1104 extra
868 1020 987 1080 terram
1014 1015 1183 1082 eiceretur.
1208 1015 1269 1082 His
1335 1025 1338 1036 '

153 1117 298 1184 omnihus
313 1118 456 1204 peractis
481 1120 627 1206 predicto
651 1122 819 1207 prestaldc
836 1127 855 1188 a
872 1117 1067 1189 monasterio
1092 1130 1269 1208 argenteus
1381 1177 1390 1191 ,

150 1227 274 1314 cyphus
290 1248 350 1314 pre
365 1228 549 1296 uadimonio
566 1229 661 1298 datus
679 1238 736 1299 est.

221 1437 366 1509 (chdetic
385 1441 532 1498 taldltatih
550 1461 568 1502 a
588 1399 798 1502 szcut'mdrtcni
809 1443 962 1518 fdapdtsdg
979 1433 1195 1516 levdltdrdbau).
1257 1421 1263 1430 ’

676 1875 731 1940 aa.
833 1873 854 1948 ·,

265 2037 359 2102 raca
373 2039 454 2101 aava
469 2036 667 2118 ramesense
681 2003 903 2122 capescere.
929 2037 1161 2102 nra-1175.

254 2199 374 2265 Netum
393 2198 435 2264 sit
452 2198 599 2265 omnihus
630 2203 696 2264 tam
712 2197 875 2265 modernis
902 2213 998 2280 quam
1026 2197 1140 2264 futuris
1163 2196 1265 2265 hemi·

152 2305 257 2390 nibus,
276 2305 331 2388 qni
345 2307 517 2391 presencia
532 2305 655 2390 scripta
670 2305 821 2386 viderint,
847 2301 1013 2371 audierint
1038 2307 1093 2372 vel
1117 2306 1266 2390 legerint.

153 2408 239 2488 Quia
254 2420 333 2480 nutu
349 2413 413 2482 Dei
428 2417 520 2500 Rege
535 2416 617 2481 Bcla
632 2415 731 2483 tercio
756 2411 906 2499 Regnum
922 2414 1067 2501 ngarie
1083 2414 1220 2484 feliciter
1236 2421 1268 2482 et

149 2519 286 2605 pacifice
301 2523 514 2607 gubernante,
531 2523 686 2590 Parcasic
703 2523 853 2589 Palatino
872 2522 996 2588 Gemite
1015 2521 1180 2592 mediante
1196 2543 1266 2610 pre.

149 2627 317 2711 leqnutcre
332 2633 385 2696 vel
401 2637 574 2697 executore
583 2632 713 2715 negocii
729 2629 892 2724 presentis
909 2630 1078 2696 existente.
1091 2631 1161 2716 Ego
1177 2630 1270 2702 (laha

151 2735 256 2803 cidem
273 2738 356 2820 Regi
373 2739 538 2823 inclinavi,
554 2730 597 2805 ut'
614 2739 766 2822 quoniam
792 2757 911 2822 expers
935 2737 1067 2804 heredis
1094 2757 1192 2826 eram,
1223 2744 1269 2808 tc·

149 2850 213 2911 tam
230 2847 478 2930 possessionem
494 2867 600 2914 meam
626 2857 694 2915 tam
721 2850 753 2914 in
779 2847 868 2932 agris
899 2866 958 2932 per
988 2848 1103 2929 iugera
1130 2853 1268 2934 centum,

147 2973 245 3037 quam
262 2954 297 3019 iu
313 2956 418 3021 uineis
443 2955 589 3041 duabns3
614 2955 786 3041 mancipiis
802 2963 834 3022 ct
850 2954 1045 3041 peccoribus
1061 2955 1133 3022 Dec
1149 2963 1182 3022 ct
1197 2977 1265 3024 mo·
1374 2987 1377 2997 ι

147 3062 291 3129 austerio
307 3063 422 3129 Sancti
437 3063 568 3130 hlartiui
592 3063 625 3129 in
650 3065 759 3130 Monte
775 3061 943 3130 Penncuie
959 3065 1199 3149 manciparem
1222 3063 1270 3128 ita

148 3167 320 3254 duntaxat,
330 3175 365 3235 ut
374 3169 482 3254 quoad
497 3171 639 3236 uincrcm
652 3189 723 3237 cum
736 3171 874 3254 coniuge
884 3169 1269 3257 meapossiderem3pcst
1313 3211 1319 3222 ·
1398 3241 1400 3246 ,

147 3279 271 3345 obitum
289 3297 394 3346 mcum
412 3281 440 3346 si
457 3279 623 3348 lldlelmcs
642 3282 760 3347 coniux
777 3299 850 3344 mea
875 3280 1114 3363 superuiueret,
1138 3285 1170 3344 et
1195 3280 1269 3365 ipsa
1395 3297 1400 3306 ·
1524 3303 1527 3312 ·

147 3387 297 3454 similiter
322 3387 502 3474 possideret
516 3396 635 3454 terram
652 3388 712 3455 sub
729 3390 930 3472 protectione
948 3375 1061 3454 Sancti
1077 3387 1220 3472 Martini,
1236 3393 1270 3454 ct

148 3494 298 3577 Ahhaiis‚
315 3502 349 3561 et
365 3495 501 3562 fratrum
517 3495 660 3563 eiusdem
677 3496 876 3562 monasterii.
903 3495 986 3562 Tale
1002 3499 1113 3575 sctum
1130 3501 1163 3560 et
1178 3495 1268 3561 obla·

148 3601 276 3668 cionem
291 3621 397 3669 meam
413 3605 483 3676 Rex
499 3611 532 3670 et
547 3623 657 3670 omues
672 3603 841 3691 Principes
867 3603 922 3686 qui
942 3590 1082 3668 ¹aderant
1107 3601 1267 3688 approha-

148 3717 234 3796 runt,
251 3717 286 3777 et
300 3719 336 3778 ut
351 3712 557 3798 perhenniter
574 3721 680 3780 ratum
696 3719 792 3796 essct,
809 3711 900 3795 Rege
915 3710 1047 3778 iubente
1061 3730 1121 3796 per
1136 3729 1267 3776 manum

149 3817 244 3886 Pauli
259 3821 422 3907 Prepesiti
443 3827 475 3888 et
500 3820 644 3888 ciusdem
669 3821 806 3906 Regalis
822 3821 951 3888 Notarii
976 3819 1121 3906 presenti
1146 3819 1266 3905 scripto

148 3927 370 3994 confirmatum
402 3937 452 3998 est
481 3938 513 3996 et
543 3929 651 4015 sigillo
677 3931 794 4016 Regali
819 3931 1014 3996 roboratum.
1039 3925 1178 4004 Quando
1194 3927 1266 3992 Rex

147 4034 213 4102 isla
227 4033 299 4102 fieri
314 4039 480 4123 precepit,
508 4038 540 4104 in
562 4039 615 4106 die
639 4035 799 4106 dominico
823 4037 856 4102 in
881 4035 975 4104 domo
1002 4037 1106 4104 Scene
1131 4035 1265 4102 comitis

149 4141 212 4208 suh
227 4143 369 4226 quadam
387 4163 506 4228 quercu
522 4143 669 4228 sedebat,
686 4150 719 4210 et
734 4143 876 4210 comites
893 4144 947 4210 isti
973 4163 1044 4210 cum
1070 4162 1128 4209 ec:
1151 4141 1268 4210 Dioni·¹

147 4249 214 4318 sins
231 4251 350 4318 (lomes
366 4254 568 4337 Baacieusls,
584 4253 699 4321 Gallus
710 4254 827 4328 (lomes
844 4253 998 4320 hlbcusis
1014 4251 1264 4335 Ultrasiluauus‚
1276 4255 1361 4286 ‘⁸‘

147 4359 291 4428 'l'hcmas
308 4362 425 4429 (lomes
441 4363 630 4447 Olusieusis,
646 4363 778 4430 Zemcre
794 4359 910 4428 Comes
926 4360 968 4426 dc
984 4359 1107 4445 Simtci,
1124 4361 1264 4427 Pancra-

148 4469 218 4537 cius
233 4471 351 4538 Comes
367 4469 603 4556 Remissiensis,
615 4469 774 4537 Antonius
785 4469 902 4536 (lomes
912 4468 997 4536 Novi
1016 4469 1130 4552 Oastri,
1141 4469 1263 4537 Scuha-

140 4580 212 4644 nus
238 4577 355 4645 (lomes
378 4578 621 4665 surgeriarum,
653 4577 795 4645 Thomas
828 4577 943 4644 Comes
973 4575 1059 4644 tilius
1088 4576 1263 4660 Samscuis,

152 4683 320 4754 Ocrucliua
335 4685 453 4754 Comes
469 4683 667 4770 Gauriensis,
692 4685 835 4752 Thomas
851 4684 935 4752 nlius
952 4685 1030 4770 zeh,
1047 4685 1151 4752 etalii
1167 4702 1263 4768 quam
