3214 5072
631 361 778 470 2³„

139 558 230 624 nibus
246 557 392 626 eiusdem
408 557 554 624 Ecclesie
571 557 782 636 deditunam
806 579 947 626 marcam
972 561 1029 628 tali
1055 561 1249 648 conditione,

139 675 171 730 ut
184 668 217 732 in
234 665 383 750 predicta
399 673 496 744 terra,
514 665 603 732 etde
620 667 712 750 silua,
730 668 818 734 etde
834 665 918 750 feno,
936 687 1032 734 unam
1048 678 1175 754 partem
1192 671 1248 737 ha·

138 776 228 840 beret
243 775 327 841 sicut
342 797 426 842 unus
443 775 604 842 hominum
622 776 837 844 habitantium
855 777 887 842 in
913 783 1011 844 terra.
1036 778 1118 844 Huic
1144 787 1252 846 autem

138 883 183 948 rei
199 883 322 950 conscii
339 893 372 948 et
386 890 488 948 testes
506 891 581 948 sunt
603 884 716 950 Abbas
740 885 938 952 Benedictus
964 887 1079 952 Sancti
1101 887 1252 970 Martini,

138 989 289 1056 Otrnarus
305 993 459 1074 decanus,
476 990 678 1057 Fareadinns
694 999 816 1076 cantor,
832 995 963 1079 Moyses
979 999 1099 1078 custos,
1126 995 1252 1080 Heymo

139 1097 253 1164 Comes
277 1099 425 1165 eiusdem
451 1099 610 1182 Ecclesia,
635 1102 760 1187 Petrus,
786 1101 943 1185 Heusque
974 1101 1137 1186 sacerdos,
1159 1102 1254 1185 joba-

136 1207 248 1290 gioncs
265 1207 425 1287 Ecclesie,
442 1206 549 1271 Lucas
568 1213 601 1271 et
615 1207 680 1273 Jod
696 1207 753 1272 filii
769 1208 930 1274 Ecclesie.
957 1203 1002 1273 Ut
1026 1211 1135 1276 autem
1157 1209 1253 1276 buius

136 1315 181 1379 rei
196 1315 363 1381 stabilitae
379 1315 412 1380 in
428 1321 618 1399 perpetuum
635 1317 794 1382 inuiolata
821 1319 979 1384 consistat
1003 1315 1168 1403 presentis
1193 1337 1252 1404 pa·

137 1423 210 1506 gine
228 1421 453 1508 descriptione
470 1429 520 1492 est
536 1421 737 1492 confirmata.

229 1589 233 1598 Ι
297 1617 441 1690 (Eredetic
460 1635 478 1672 a
497 1617 700 1676 saentnrdrtoni
717 1618 870 1692 fonpritsrig
891 1617 1108 1691 levdltdrdban).
1225 1669 1226 1676 ,

578 1879 825 1894 ..ψ

661 2128 717 2193 52.

159 2307 203 2370 ΙΙ.
235 2303 343 2371 Fardre
374 2303 480 2392 barely
511 2307 687 2391 maperdritr'
720 2305 859 2370 Almiaaa
880 2310 973 2372 cdros
996 2305 1228 2396 azabadrdpar't.

646 2415 743 2478 1207.

239 2597 278 2661 In
293 2593 422 2661 nominc
438 2593 556 2660 Sancte
572 2593 741 2660 Trinitatis
766 2599 798 2662 et
822 2595 993 2666 individue
1019 2597 1171 2665 Vnitatis.
1186 2598 1250 2663 An·

138 2705 230 2774 dreas
256 2702 320 2767 Dei
346 2703 458 2786 grama
483 2701 658 2787 Hungarie,
686 2703 867 2786 Dalmaoio,
893 2706 1005 2788 Rome,
1032 2706 1156 2789 Seruio,
1175 2705 1250 2770 Gal-

137 2817 274 2895 licieque
298 2811 369 2875 Rex
395 2812 427 2876 in
452 2819 651 2896 perpetuum.
676 2811 777 2894 Regio
805 2812 1016 2878 sublimitatis
1041 2811 1191 2898 interest,
1218 2821 1250 2878 ct

137 2925 263 3005 equitas
280 2919 396 2984 suadet
411 2919 581 3002 naturalis,
598 2927 633 2984 ut
653 2918 709 3002 qni
733 2937 794 2983 sua
818 2927 940 2986 statuta
963 2941 985 2986 a
1010 2922 1249 2988 successoribus

135 3030 325 3096 desiderant
356 3027 531 3106 obseruari,
563 3029 633 3110 ipse
664 3045 792 3112 'quoquc
822 3047 952 3094 suorum
983 3029 1251 3114 predecessorum

135 3139 225 3219 leges
241 3136 317 3222 pari
333 3135 516 3200 stabilitate
531 3133 661 3200 studeat
683 3153 886 3222 conseruare,
913 3145 948 3202 ut
972 3139 1063 3203 nulla
1087 3144 1250 3205 vetustate

135 3247 363 3325 discebantur,
382 3261 443 3326 que
459 3243 704 3310 succedencium
721 3245 784 3311 sibi
800 3247 922 3329 Regum
949 3246 1125 3312 attoritatis
1150 3246 1250 3312 stabi·

135 3354 229 3418 litate
246 3351 459 3418 decreuerunt
473 3333 639 3416 roborare.
664 3348 743 3416 Inde
760 3350 911 3434 estquod
936 3352 1110 3436 priuilegia
1132 3370 1155 3416 a
1179 3370 1249 3436 pre-

134 3459 359 3527 decessoribus
385 3458 503 3526 nostris
519 3457 675 3542 glortiosc
703 3453 871 3544 memorie)
902 3457 1067 3542 Regibus,
1098 3457 1251 3524 videlicet

133 3589 203 3652 auo,
219 3575 315 3654 patre
332 3575 363 3634 et
380 3572 499 3644 cetera,
524 3565 593 3648 Ego
619 3563 769 3630 Andreas
785 3563 850 3629 Dei
865 3565 978 3648 gracia
995 3565 1163 3652 Hungaric
1179 3566 1249 3630 Rex
1265 3549 1268 3558 ’

130 3679 202 3762 juro
220 3696 322 3763 super
338 3657 491 3740 Sanctam
508 3673 641 3739 crucem
658 3673 749 3740 uobis
774 3671 962 3739 Almusanis
986 3672 1111 3742 firmam
1135 3692 1250 3758 paoem

134 3797 164 3851 et
179 3785 374 3851 libertatem.
393 3782 472 3848 Mihi
488 3801 616 3864 quoquc
632 3788 688 3846 aut
711 3779 777 3847 filio
802 3801 874 3848 meo
899 3777 971 3868 (aut
994 3778 1250 3870 successori)bus

133 3892 253 3958 nostris
270 3889 429 3956 tributarii
447 3910 489 3959 ne
504 3889 587 3974 sitis,
598 3890 791 3975 Episcopum
801 3909 877 3958 uero
894 3897 950 3970 aut
967 3890 1135 3976 Comitem,
1152 3910 1249 3974 quem
1274 3941 1279 3960 .

133 4003 237 4067 clerus
255 4009 288 4066 et
305 3999 444 4087 populus
460 3999 605 4084 elegerit,
622 3997 825 4084 confirmabo,
843 4006 874 4064 et
891 3999 963 4084 lege
980 4001 1157 4084 antiquitus
1173 4019 1247 4066 con·

133 4108 245 4174 stituta
263 4129 334 4176 eum
350 4116 458 4175 uestro
483 4106 589 4174 indice
605 4107 662 4174 vo's
679 4108 726 4172 uti
743 4108 936 4192 permittam.
962 4111 999 4174 In
1026 4110 1156 4174 ciuitate
1173 4130 1249 4194 quo·
1284 4193 1291 4206 x

133 4235 192 4298 quc
209 4223 323 4284 vestra
339 4212 529 4302 ne(minem)
546 4215 771 4301 Hungarorum
796 4225 853 4282 aut
877 4215 1134 4300 alienigenarum
1157 4217 1249 4284 habi·

133 4333 201 4392 tare
216 4327 415 4410 permittam,
433 4325 496 4391 nisi
521 4343 617 4409 quem
645 4325 794 4392 uoluntas
822 4331 932 4392 restra
958 4326 1142 4410 expetierit.
1167 4326 1248 4394 Cum

133 4441 242 4502 autem
259 4437 304 4502 ad
319 4453 379 4500 uos
405 4433 607 4500 coronandus
625 4441 681 4502 aut
696 4433 863 4501 uobiscum
889 4435 1026 4520 negocia
1051 4433 1157 4516 Regni
1180 4442 1249 4504 tra·

135 4552 280 4610 staturus
297 4563 428 4628 uenero,
445 4543 566 4610 nemini
581 4543 700 4610 ciuium
715 4544 765 4610 uis
781 4538 953 4628 ini(eratur
978 4539 1159 4628 d)omorum
1174 4563 1247 4611 nua-

134 4671 211 4740 rum,
228 4653 294 4720 nisi
310 4672 407 4737 quem
425 4651 561 4720 dileccio
578 4659 687 4720 uestra
703 4651 892 4734 susceperit.
918 4649 1064 4719 Jndicem
1089 4650 1246 4724 intervos
