3214 5066
814 321 972 426 Q..

334 533 407 598 gum
427 516 578 581 locuntur.
604 512 734 579 Partem
755 533 831 580 vero
857 516 992 584 alteram
1008 517 1092 586 dicte
1108 521 1187 588 ville
1205 522 1243 588 Η.
1261 521 1377 592 iratres
1393 525 1449 592 diu
1513 591 1519 608 ,

334 631 431 690 antea
445 622 517 706 jam
528 623 1105 711 possidebantatemporeparentum
1112 649 1265 698 meorum.
1277 631 1321 700 Ut
1337 639 1448 702 autem

332 729 426 796 huius
442 729 633 798 donacionis
651 731 751 798 series
765 731 941 817 perdurare
956 737 1061 820 possit
1075 737 1310 826 imperpetuum
1323 742 1385 808 boc
1394 741 1450 809 de·

335 843 454 924 eretum
470 838 569 922 sigilli
586 838 648 904 mei
664 839 837 907 munimine
855 839 919 908 ieci
936 845 1088 912 roborari.
1118 847 1277 934 Tempore
1303 858 1337 917 et
1363 857 1450 917 testa

263 977 267 982 ·
334 944 461 1012 domiuo
486 945 610 1011 Jacobo
636 945 805 1014 cardinali
829 955 862 1015 et
886 951 1074 1036 Apostolioe
1099 955 1193 1023 Sedis
1210 956 1356 1046 Legum,
1383 977 1449 1026 me-

335 1053 497 1118 diantibus
513 1061 621 1119 autem
636 1054 781 1138 Regibus
797 1056 927 1126 Andrea
943 1067 975 1126 et
991 1061 1092 1143 Bela,
1111 1063 1343 1149 jobagionibus
1369 1089 1448 1136 uero

260 1241 261 1249 ἵ
335 1157 1448 1264 Unguliuo(Ugulino)Arcbiepiseopo,NycolaolilioBurch(Bsychl,

305 1323 307 1333 .
336 1267 501 1356 Ladyzlao
518 1271 642 1340 etPous
655 1295 663 1356 ;
676 1272 787 1356 judice
803 1283 909 1342 autem
920 1275 1086 1347 Demetrio
1102 1272 1362 1366 persistentibus.
1382 1286 1448 1353 Da·

334 1380 399 1442 tum
416 1397 501 1444 anno
516 1375 648 1446 Domini
663 1379 912 1466 mcdxxau.

336 1547 863 1630 (ArcredetiuttnFejtrtCod,Dipl.
876 1558 959 1614 nra.
973 1541 1099 1618 aroer.
1112 1564 1130 1618 1.
1140 1562 1449 1640 Javrrvaaeerynmu

335 1643 627 1715 atudomdnytdrban,
647 1647 709 1704 XV.
721 1647 779 1701 lrot
793 1647 986 1706 Pesten1844.
1000 1652 1060 1707 128.
1071 1652 1091 1710 l.
1112 1643 1305 1711 Ldtaaikeaen
1325 1656 1449 1730 okmtny

336 1731 479 1790 Heueuesi
488 1735 608 1792 kezirati
617 1735 873 1808 gylljteme'nyeben
883 1741 906 1794 ia
916 1739 988 1794 Lllt
998 1741 1058 1796 lut.
1068 1744 1094 1797 9.
1104 1743 1451 1819 l.,1taprinaigyujtcm6-

335 1823 447 1896 nydben
458 1825 492 1883 B.
501 1825 541 1880 4⁰·
552 1826 615 1883 XL.
625 1829 684 1884 kat.
696 1827 762 1882 44.l
785 1826 816 1882 ds
828 1845 870 1900 gr.
883 1827 1039 1904 Szdcbenyi
1051 1832 1176 1890 Ferenca
1188 1834 1450 1908 gytjtemanyaben

610 1931 614 1942 ’
802 1918 822 1972 t
836 1918 863 1974 k.
878 1920 938 1976 262.
952 1919 984 1991 1.)

761 2089 1011 2101 ------.-..-.-....

768 2303 771 2306 ’
850 2334 926 2400 ur.

380 2513 428 2578 II.
443 2473 551 2578 dodra
565 2511 670 2598 kiroty
693 2537 714 2578 a
733 2513 965 2606 paauoabalmi
991 2517 1226 2582 uzant-martoai
1241 2521 1404 2608 opdtadpot

587 2619 741 2707 Gdayb'ool
758 2621 987 2710 adorudayozza
1002 2645 1076 2710 may.
1092 2625 1189 2690 1224.

442 2799 623 2869 innomine
640 2801 759 2868 Sancte
776 2799 956 2888 Trinitatis,
973 2809 1006 2868 et
1020 2801 1190 2871 Indiuidue
1205 2795 1361 2873 Vnitatis.'
1381 2807 1444 2873 An·

338 2915 433 2981 dreas
447 2910 510 2976 Dei
524 2910 636 2993 gracia
650 2909 825 2995 Huugarie‚
842 2909 1019 2994 Dalmacie,
1037 2911 1182 2995 Croacie,
1199 2913 1309 2996 Reme,
1319 2914 1443 3000 Seruis,

339 3021 474 3105 Galicie,
490 3015 741 3100 Lodomerieque
756 3019 824 3082 Rex
840 3017 874 3084 in
889 3025 1087 3105 perpetuum.
1103 3018 1184 3086 Oum
1199 3021 1345 3103 quelibet
1360 3023 1446 3088 iusta

336 3129 449 3217 petitio
464 3125 551 3214 apud
565 3125 666 3210 Regia
690 3125 881 3192 serenitatis
908 3127 1140 3195 excellenciam
1166 3127 1210 3194 ait
1233 3127 1445 3212 admittenda,

296 3219 300 3227 ¹
336 3237 398 3304 illa·
409 3237 547 3304 maxime
562 3233 677 3300 mereri
693 3241 841 3299 censetur
857 3239 1042 3320 optentum,
1063 3255 1127 3318 qne
1142 3234 1185 3300 ab
1201 3235 1308 3302 animo
1323 3237 1446 3303 Diuini-

335 3345 558 3433 tusinspirato
573 3340 752 3430 procedens
767 3343 873 3428 prodit
888 3344 974 3410 uelle
1000 3337 1140 3432 petentis
1150 3394 1160 3428 ,
1189 3343 1357 3429 largiendo
1383 3351 1445 3411 ter·

336 3475 415 3524 rena
430 3453 548 3521 lucrari
564 3452 716 3536 celestia,
734 3457 766 3516 et
776 3451 1007 3538 temporalibus
1019 3451 1171 3520 institutis
1182 3453 1351 3536 acquirere
1361 3472 1445 3522 sem·

336 3565 472 3651 piterna.
487 3563 570 3628 Hinc
586 3567 637 3628 est
646 3612 656 3647 ,
673 3561 760 3644 quod
776 3559 818 3628 ad
834 3561 1055 3656 uniuersorum
1071 3561 1222 3629 noticiam
1238 3563 1443 3647 presencium

313 3739 319 3754 ,
337 3681 370 3739 et
385 3678 588 3758 posterounm
604 3669 773 3754 pervenire
789 3669 945 3754 uolumus,
962 3667 1045 3752 quod
1061 3670 1200 3737 dilectus
1216 3687 1256 3736 ao
1269 3667 1375 3736 fidelis
1389 3689 1445 3736 no·

336 3785 402 3846 ster
416 3779 500 3845 Vros
515 3777 627 3844 Abbas
644 3777 755 3844 Sancti
770 3776 900 3844 Martini
914 3776 956 3842 da
972 3777 1073 3844 Sacro
1087 3779 1196 3845 Monte
1211 3777 1378 3845 Pannonis
1402 3775 1446 3843 ad

336 3895 480 3954 nostram
496 3883 654 3966 accedens
669 3885 870 3970 presenciam
886 3885 1044 3951 instanter
1059 3865 1100 3952 ac
1115 3885 1232 3954 devote
1256 3885 1446 3969 postulauit,

335 4004 371 4064 ut
386 4016 427 4062 ea
442 3995 549 4062 omnia
565 4011 627 4077 que
642 3993 674 4058 in
691 3993 910 4060 concambium
934 3995 1047 4060 Petrus
1057 4043 1066 4078 ,
1092 4002 1125 4061 et
1149 3991 1282 4060 duorum
1309 3993 1444 4060 fratrum

335 4105 446 4192 ipsius,
462 4102 518 4186 qui
533 4101 573 4168 da
588 4099 665 4186 filijs
681 4099 864 4168 officialium
875 4101 1021 4168 Ecclesia
1040 4102 1151 4170 Sancti
1168 4099 1298 4168 Martini
1317 4099 1445 4168 oriundi
1491 4169 1494 4178 ,

335 4215 472 4296 fuerant,
495 4229 574 4295 qnos
590 4210 706 4276 intuitu
721 4209 889 4278 fidelitatis
905 4216 940 4277 et
954 4211 1162 4278 seruicicrrm
1178 4209 1314 4298 predicti
1330 4210 1444 4276 Petrus

336 4319 379 4386 ab
397 4321 482 4388 omni
498 4318 606 4386 debito
623 4325 655 4384 et
671 4319 893 4404 seruicio‚quo
914 4319 1063 4386 Ecclesia
1081 4316 1229 4386 adstricti
1241 4315 1444 4401 tenebantur,

336 4435 502 4514 exemptos
518 4447 590 4494 cnm
606 4445 763 4493 musanen
777 4427 915 4515 predicti
925 4427 1007 4492 Vros
1022 4425 1163 4494 Abbatis
1180 4433 1212 4493 et
1227 4425 1361 4492 fratrum
1371 4445 1443 4492 suo

334 4553 404 4601 rum
418 4546 574 4620 perpetue
588 4537 777 4602 donauimus
792 4536 945 4619 libertati,
960 4535 1106 4603 Ecclesia
1121 4534 1370 4616 contuleramus,
1386 4551 1442 4600 au·

335 4640 483 4708 ctoritate
498 4643 601 4710 nostri
615 4643 776 4728 privilegij
793 4641 1064 4711 confirmaremus.
1080 4643 1149 4712 Nos
1164 4641 1263 4729 igitur
1278 4639 1372 4708 iustis
1386 4639 1441 4726 bo
