3222 5054
851 759 928 830 1³2.

328 882 359 950 A
367 887 599 973 panoenhalme'
612 891 848 956 ssent-endrtoni
874 891 1008 977 apotsdp
1025 889 1055 954 es
1070 910 1092 952 o
1107 895 1189 953 ment
1203 885 1443 952 Joeoerendoel

328 993 398 1058 latet
413 1018 433 1060 a
449 995 702 1085 Somopymeppes'
716 997 837 1062 tieedele
849 997 986 1086 tlppeben
994 1019 1056 1081 per·
1074 994 1159 1060 lesen
1168 1045 1177 1080 ‚
1203 1017 1224 1060 u
1248 995 1298 1060 leet
1317 993 1370 1082 fel
1389 999 1441 1059 υό-

577 1104 699 1170 laestott
713 1103 865 1202 birdkoors
880 1104 1003 1192 epyezt‘le
1017 1125 1092 1192 περ.
1110 1105 1207 1168 1226.
1262 1141 1267 1146 -

434 1245 553 1314 Notum
569 1247 612 1314 sit
621 1247 770 1316 omnibus
779 1255 963 1336 presentem
973 1249 1130 1334 peginam
1140 1246 1345 1334 inspeeturis,
1358 1243 1442 1329 qnod

330 1377 416 1425 suno
431 1355 600 1424 Domiuiee
616 1357 860 1424 Inoumnoiouis
869 1354 1099 1424 M.GO.XXVI.
1110 1354 1256 1424 seeundo
1271 1353 1355 1424 ferie
1370 1359 1443 1438 post

331 1463 527 1534 cathedram
543 1461 657 1534 Ssneti
672 1461 762 1531 Petri
777 1465 862 1532 Albe
877 1465 911 1532 iu
927 1467 1068 1534 elaustro
1078 1463 1215 1532 Albensi
1230 1463 1355 1549 placuit
1370 1483 1443 1550 por·

330 1575 418 1641 tibus
437 1549 695 1659 eompro'mittere
720 1573 754 1640 in
778 1573 918 1640 arbitros
936 1574 995 1642 sub
1011 1573 1074 1641 heo
1089 1572 1204 1640 forms.
1235 1572 1310 1638 Nos
1321 1569 1447 1636 indies·

331 1681 445 1750 Abbss
470 1679 647 1750 Plesiensis
672 1685 715 1762 et,
732 1682 919 1768 Propositus
944 1680 1099 1750 Albenris
1124 1679 1247 1748 iudioes
1271 1699 1293 1746 e
1316 1679 1446 1748 Summo

285 1787 288 1797 '
331 1787 486 1857 Pontifiee
509 1789 653 1874 delegati
676 1791 711 1856 in
737 1807 857 1874 oense,
882 1809 945 1874 que
971 1789 1105 1856 uertitur
1135 1791 1219 1856 inter
1234 1787 1398 1855 Abbetem
1414 1799 1446 1854 et

332 1899 532 1968 Conuentnm
547 1897 662 1969 Sancti
677 1897 807 1966 Martini
824 1919 865 1966 ex
879 1903 1063 1983 nortperto,
1080 1903 1113 1964 et
1125 1895 1370 1982 Hospitelsrios
1380 1902 1446 1962 tem

332 2004 414 2076 Albo
430 2025 527 2090 quem
542 2003 576 2070 in
592 2003 723 2089 Onrgon
741 2011 980 2074 commorantes
997 2025 1039 2072 ex
1054 2004 1167 2072 sltem.
1199 2003 1359 2073 Dominus
1383 2003 1448 2070 Ab·

332 2115 393 2182 bus
418 2113 532 2182 Sancti
555 2113 686 2180 Martini
712 2120 745 2180 et
769 2114 920 2182 Sindiens
945 2115 1069 2182 Domus
1099 2120 1132 2181 et
1156 2111 1259 2182 frater
1281 2112 1448 2181 Johsnnes

333 2221 424 2290 Prior
438 2219 618 2308 Hospitalis
634 2227 823 2308 proourstor
839 2223 872 2288 in
888 2221 1084 2306 breonense,
1111 2220 1401 2305 eompromiserunt
1415 2219 1449 2285 in

334 2332 440 2418 nobis,
456 2329 581 2398 soilieet
596 2329 725 2398 Abbste
739 2330 907 2398 Plesiense
916 2379 926 2415 ,
952 2335 985 2396 et
999 2349 1052 2397 me
1066 2329 1234 2422 ¹Proposito
1251 2334 1284 2395 et
1297 2328 1332 2394 iu
1348 2327 1449 2413 lingi-

335 2445 437 2508 strum
453 2438 644 2506 Cosimirnm
670 2447 703 2508 et
726 2440 897 2526 Msgitrum
921 2425 1108 2508 Monessem
1122 2457 1219 2526 super
1234 2437 1382 2506 omnibus
1397 2437 1450 2504 de·

213 2595 219 2616 .
336 2547 428 2614 oimis
442 2545 705 2632 possessionum,
731 2553 764 2614 et
781 2549 983 2634 prediorum,
1010 2555 1043 2614 et
1058 2547 1210 2616 uillarum
1226 2547 1368 2614 omnium
1384 2545 1449 2612 exi-

335 2655 488 2732 stentium
503 2655 537 2722 in
553 2653 715 2724 Comitntu
730 2655 947 2742 symigiensi,
973 2661 1007 2721 et
1033 2673 1130 2743 super
1149 2655 1294 2724 ominibus
1310 2655 1449 2739 questio·

336 2763 432 2832 nibus
448 2769 481 2830 et
496 2763 648 2849 expensis
664 2781 726 2846 qne
741 2762 827 2829 isole
847 2769 976 2830 suntne
992 2763 1094 2850 petite
1110 2761 1153 2830 eb
1168 2771 1305 2847 utraque
1319 2766 1451 2848 portes
1569 2819 1572 2826 .

337 2872 497 2958 principio
522 2871 590 2938 litis
616 2873 719 2956 utque
743 2891 836 2938 nuno.
866 2871 908 2938 Et
923 2889 1010 2958 pens
1025 2867 1300 2957 est‘sppositoenb
1317 2876 1451 2952 ntrsqm

336 2986 431 3068 purte
447 2979 601 3047 CXXXV
615 2997 816 3064 marearum,
839 2976 873 3044 in
887 2997 990 3074 ¹quem
1005 2998 1103 3064 pars,
1120 2999 1182 3062 qne
1196 2980 1299 3047 uellet
1313 2975 1451 3060 resilire,

337 3085 504 3156 incideret.
534 3085 691 3154 Dominus
707 3085 822 3154 Abbas
838 3091 871 3152 et
886 3085 1071 3154 conuentus
1087 3087 1202 3156 Senoti
1216 3085 1348 3155 Martini
1373 3083 1453 3152 obli-

338 3202 497 3282 guuerunt
520 3215 581 3282 pro
607 3193 696 3262 diets
719 3214 807 3282 peno
830 3194 941 3262 uillam
957 3195 1113 3264 Soeuleus
1131 3216 1204 3278 oum
1220 3193 1369 3262 omnibus
1384 3193 1451 3260 suis

338 3301 558 3391 pertinentiis;
584 3301 732 3372 Sindious
756 3303 939 3390 Hospitalis
955 3301 995 3370 de
1012 3322 1172 3372 consensu
1189 3302 1340 3387 Magistri
1356 3303 1408 3368 sni
1421 3307 1453 3369 et

339 3409 475 3479 insnum
490 3431 619 3480 suornm
634 3411 904 3480 commorantium
921 3411 1014 3496 Albe,
1032 3419 1066 3480 et
1081 3412 1217 3498 Gorgon,
1233 3419 1268 3478 et
1283 3409 1452 3496 Strigonij,

340 3528 373 3588 et
388 3521 423 3587 iu
436 3519 573 3606 Oratha,
589 3526 621 3588 et
635 3521 793 3589 Keuteleh
809 3519 1093 3606 obligamentum
1111 3519 1244 3605 Bodogo
1260 3539 1332 3586 oum
1349 3517 1453 3586 omni·

340 3629 401 3698 bus
417 3629 487 3695 suis
503 3629 714 3716 pertineneijs
730 3648 788 3715 pro
804 3629 891 3697 diota
907 3649 1004 3716 pene,
1020 3630 1054 3696 in
1073 3635 1238 3716 potestate
1246 3627 1450 3712 arbitrorum,

342 3744 375 3802 et
395 3729 573 3822 procedere
597 3738 631 3802 in
654 3733 783 3804 modum
808 3737 932 3822 arbitrij
958 3745 992 3804 et
1015 3735 1220 3804 arbitratoris
1245 3733 1452 3822 procedendo

343 3843 532 3931 simpliciter
544 3850 581 3941 et
594 3844 636 3911 de
651 3843 759 3931 plano.
784 3844 949 3913 statutum
965 3851 1015 3914 est
1030 3845 1168 3913 reddere
1183 3844 1378 3912 sententiam
1403 3864 1453 3911 sr-

320 3990 324 3994 ·
342 3951 429 4038 bitrij
445 3952 547 4021 toreis
562 3951 646 4021 ieris
659 3959 735 4039 post
748 3952 877 4021 Judioe.
892 3954 1100 4024 LoousAlbe.
1116 3954 1161 4023 let·
1174 3959 1210 4021 nt
1227 3971 1453 4040 presensoom·

343 4061 535 4148 promissum
549 4059 669 4141 stabile
684 4063 727 4130 sit
743 4069 776 4130 et
789 4061 931 4148 mnam,
957 4064 1111 4149 paginam
1137 4060 1234 4129 istam
1249 4081 1322 4129 oum
1338 4059 1453 4145 sigillis

344 4167 484 4236 Abbatis
499 4175 532 4237 et
546 4169 686 4256 Capituli
702 4169 815 4240 Snuoti
829 4170 958 4238 Martini
981 4177 1015 4237 et
1038 4170 1146 4237 fratris
1167 4170 1189 4238 J
1190 4169 1327 4237 ohannis
1343 4167 1453 4252 magni

345 4272 493 4360 Magistri
517 4285 551 4344 et
573 4279 603 4346 J.
619 4278 740 4346 Prioris
756 4279 908 4347 Albensis
924 4277 1010 4346 dioto
1025 4297 1123 4346 oense
1137 4275 1354 4364 proourstoris
1378 4271 1453 4340 feei-

346 4399 417 4450 mus
431 4387 630 4456 corroborati
645 4393 678 4455 et
692 4387 822 4456 nostris.
924 4397 930 4412 ·

508 4525 652 4598 (meletio
668 4547 688 4588 s
704 4547 747 4588 sn.
763 4529 886 4587 mtrtoni
902 4527 1053 4603 reaptotg
1070 4524 1287 4603 terensem.)
1353 4545 1359 4560 *
