3214 5072
801 291 957 392 ...Q

323 493 428 577 Rnpa,
443 487 543 574 Fend‚
560 487 657 574 Files,
674 487 788 572 tamo,
807 487 925 552 Cosma
941 507 1012 556 oum
1028 487 1103 574 filio,
1128 489 1272 558 Thomas
1296 498 1338 584 et
1354 489 1438 558 duos

324 605 467 686 nepotes,
492 596 610 680 Chusa,
628 598 719 678 Paul,
738 596 897 678 Giliann‘s,
926 596 1088 680 Lamport,
1114 597 1301 682 Golombus,
1331 600 1438 666 Pater.

323 711 373 775 De
389 709 492 775 seruis
508 707 577 774 suis
594 711 701 772 autem
719 705 768 772 eis
785 704 946 788 disposuit
963 704 1053 788 istos,
1080 725 1213 788 quorum
1228 709 1361 774 nomina
1375 709 1439 774 heo

318 823 415 890 sunt:
442 816 549 899 Soura,
574 814 717 890 Bulsnn,
742 811 875 878 Kesend
900 831 970 876 oum
996 809 1081 895 fili0;
1106 812 1147 878 de
1172 815 1301 881 ancillis
1327 817 1437 900 Scina,

322 923 445 1008 Obaga,
471 919 659 1000 Sombotka‚
689 919 771 1002 Gos;
797 915 839 984 de
864 918 1057 984 vinitoribus
1082 918 1182 986 istos:
1206 920 1314 1002 Duda,
1342 923 1437 990 Duoa

322 1050 473 1099 eumuna
497 1031 594 1096 vinea
610 1029 643 1094 in
660 1027 796 1094 Soalons
812 1033 844 1092 et
869 1027 901 1093 in
926 1027 1007 1092 uilla
1032 1047 1094 1110 que
1118 1036 1253 1102 voeatur
1278 1031 1436 1097 Sueorou.

209 1221 210 1226 ἵ
321 1143 359 1208 Iu
374 1147 462 1206 terra
478 1156 541 1222 que
557 1155 630 1202 enm
646 1135 860 1220 oontingebat
875 1133 1037 1219 disposuit
1052 1137 1144 1202 uxori
1160 1156 1228 1220 sue,
1246 1145 1279 1204 et
1293 1137 1360 1206 filie
1387 1143 1435 1208 ta-

322 1249 404 1330 liter,
421 1246 500 1314 atsi
517 1265 596 1312 uxor
613 1244 684 1329 ejus
700 1244 753 1310 vel
769 1242 837 1309 filia
861 1243 1038 1326 aliqnando
1054 1249 1173 1311 terram
1190 1243 1278 1312 hano
1292 1246 1436 1314 vendere

321 1355 451 1438 vellent,
468 1361 499 1422 et
515 1356 647 1440 cognati
664 1351 771 1420 suiad
797 1370 834 1418 se
859 1349 1016 1418 redimere
1041 1353 1175 1437 nollent,
1206 1359 1281 1419 tuno
1304 1356 1437 1423 nonnisi

321 1463 468 1530 Euelesie
492 1461 586 1528 Beati
610 1459 740 1527 Martini
755 1457 897 1530 vendere
922 1465 1067 1550 possent.
1101 1459 1264 1527 Similiter
1288 1461 1370 1530 dixit
1395 1463 1459 1532 de'

191 1596 194 1612 ·
320 1569 478 1636 libertinis
494 1569 568 1651 illis,
586 1587 667 1651 qvos
684 1569 732 1634 eis
747 1567 938 1650 assignavit.
963 1570 1087 1634 Aetnm
1113 1574 1163 1634 est
1188 1587 1265 1652 ergo
1290 1571 1378 1637 istud
1402 1571 1436 1636 in

320 1677 524 1765 presentibus
549 1681 581 1742 et
606 1675 781 1742 solentibus
809 1674 1042 1742 Geuriensibus
1060 1675 1244 1760 Canoniois,
1262 1677 1358 1744 Petro
1375 1679 1435 1746 (ln-

319 1787 422 1872 stode‚
438 1785 605 1854 Felieiano
621 1785 765 1868 Deoano,
781 1781 873 1850 Beda
891 1781 1039 1866 cantore,
1059 1784 1236 1850 Benedioto
1261 1783 1433 1852 Arohidia-

320 1916 400 1964 oono
416 1895 539 1964 daoobo
556 1892 805 1960 Arohldiaeono.
829 1894 923 1960 Anno
938 1893 1070 1960 Domini
1086 1895 1141 1960 M0.
1160 1893 1234 1961 00⁰.
1251 1893 1306 1958 X0.

402 2090 544 2162 (Eredetie
563 2086 709 2144 taldltatik
728 2107 746 2144 a
763 2085 965 2144 ozentmdrtoni
985 2085 1131 2161 tb'aptitsdg
1143 2086 1361 2156 lavdlttltdban).

753 2365 990 2380 ”um

844 2611 896 2678 (ll.

362 2793 409 2858 11.
436 2791 539 2857 Badra
561 2745 668 2878 kirrtp
690 2813 711 2855 a
733 2779 856 2876 tidaoya‘
876 2795 1009 2878 opdtadp
1023 2792 1183 2878 jdazdpait
1206 2795 1385 2880 mepordaitt'.

824 2902 921 2965 1211.

424 3085 461 3150 Iu
476 3081 604 3148 nomine
620 3081 739 3148 Sancte
755 3077 925 3146 Trinitatis
941 3086 973 3146 et
989 3079 1158 3148 Indiuidua
1185 3080 1341 3149 Unitatis.
1365 3085 1430 3149 An-

318 3189 415 3258 dreas
430 3189 493 3256 Dei
509 3185 811 3274 graoiaHnngarie‚
822 3189 1004 3272 Dalmatio,
1018 3189 1161 3272 Oroatia,
1179 3191 1291 3268 Reme,
1307 3190 1431 3274 Seruio,

318 3299 455 3382 (talieta,
473 3296 727 3382 Lodomeriequa
743 3296 814 3363 Rex
830 3299 864 3362 in
879 3303 1079 3382 perpetuum.
1104 3297 1198 3364 Lioet
1215 3298 1258 3364 ad
1274 3299 1428 3366 uniuersa

316 3406 388 3474 looa
401 3405 520 3473 Diuino
537 3406 634 3472 oultui
649 3405 837 3490 mancipata
851 3424 910 3490 per
928 3392 1175 3490 amplitudinem
1201 3407 1307 3492 Regni
1333 3409 1431 3495 longe

316 3515 447 3596 lateque
463 3511 583 3580 diffusa
598 3513 698 3598 Regio
725 3513 935 3598 benignitatis
961 3512 1066 3578 aoiem
1090 3513 1244 3580 debemus
1269 3514 1430 3602 dirigere;

308 3621 360 3699 ,ad
376 3641 417 3687 ea
432 3626 541 3687 tamen
558 3621 732 3706 specialius
749 3627 782 3687 et
797 3619 953 3685 deuooius
970 3626 1114 3685 tenemur
1125 3621 1294 3707 inspicere,
1311 3642 1375 3705 que
1390 3622 1432 3690 de

316 3728 575 3815 progenitoribus
591 3729 709 3796 nostris
726 3727 871 3813 fundam,
887 3727 1158 3812 laudatorumque
1179 3751 1317 3816 corpora
1333 3732 1365 3798 in
1381 3734 1431 3800 eis

317 3837 374 3924 pia
404 3836 574 3904 deuotione
598 3837 725 3922 sepulta
749 3837 974 3921 cognoscimus
1000 3838 1203 3920 requiescere
1228 3847 1262 3906 et
1287 3839 1430 3924 quadam

316 3945 525 4031 prerogatiua
540 3945 651 4029 grume
667 3942 846 4012 Serenitati
861 3945 964 4029 Regia
990 3947 1225 4013 commendata.
1251 3947 1354 4014 Huius
1370 3950 1429 4034 igi·

315 4061 367 4120 tur
381 4053 428 4120 rei
445 4053 672 4138 speenlaeione
688 4052 859 4119 salubriter
875 4053 1041 4120 ammoniti
1065 4057 1263 4122 monasterio
1280 4058 1313 4122 in
1328 4057 1429 4124 hono-

315 4181 383 4230 rem
399 4161 509 4228 Sancti
525 4160 644 4228 Auiani
660 4159 701 4227 de
716 4163 920 4247 progenitore
938 4169 1048 4228 nostro
1066 4163 1155 4246 Rege
1180 4164 1313 4246 Andros
1338 4185 1429 4232 reoo-

316 4271 413 4336 lende
429 4269 584 4338 memorie
599 4270 632 4336 in
649 4277 757 4337 monte
773 4271 920 4336 'Pbiohon
936 4270 1080 4354 fundato,
1097 4269 1152 4338 ubi
1167 4275 1263 4340 etiam
1280 4271 1429 4340 fundato·

315 4379 361 4444 ris
376 4397 492 4463 eorpus
508 4379 561 4464 pie
578 4386 611 4445 et
626 4379 742 4446 denote
766 4380 926 4463 sepultum
942 4379 1129 4460 requiescit,
1147 4387 1180 4446 et
1196 4381 1245 4446 eui
1262 4379 1305 4446 ad
1314 4381 1429 4448 salutis

318 4491 505 4570 prouentum
529 4485 698 4572 plurimum
723 4485 876 4572 expedire
902 4495 1148 4571 eognoseentes‚
1174 4487 1218 4556 ad
1234 4489 1427 4557 instanciam

318 4611 453 4682 preoum
463 4593 544 4660 Vros
560 4599 636 4660 tune
651 4593 793 4662 eiusdem
810 4595 873 4660 loei
888 4595 1010 4663 Prolati
1025 4595 1228 4682 priuilegium
1244 4597 1344 4684 Regis
1360 4597 1422 4664 An-
