3198 5058
737 257 894 358 Q

248 454 437 522 (lolomanni
455 451 541 520 dicte
558 452 727 522 donationi
746 454 943 539 apponendo
958 453 1065 523 dictus
1081 453 1195 524 Abbas
1210 461 1244 522 et
1254 455 1374 523 Alben-

248 581 303 631 ses
319 562 531 628 communiter
547 562 747 630 laborarent.
765 561 814 629 blo
829 559 1060 630 nichilominus
1076 564 1182 650 saluo,
1198 563 1286 647 quod
1301 582 1375 649 pro

248 677 415 738 curaretur
430 691 451 736 a
466 668 561 736 dietis
577 670 776 738 Albensibus
793 667 979 757 bonafide,
1005 670 1092 756 quod
1116 671 1240 740 domiui
1265 671 1376 740 Archi·

249 782 396 867 episcopi
420 797 482 846 sua
508 778 618 866 sigilla
643 767 848 867 apponerent
864 779 1032 848 donationi
1047 779 1204 868 predicte.
1236 779 1273 846 Si
1296 799 1378 848 uero

248 889 314 956 iam
330 888 420 956 dicta
437 886 568 955 donatio
584 887 739 956 vicesimo
755 887 900 976 predicte
917 887 1013 957 modo
1030 886 1214 956 confirmari
1228 907 1378 978 nonpos-

251 1004 302 1066 set
317 996 403 1064 iufra
419 997 589 1064 terminum
608 1017 628 1064 a
644 997 739 1065 uobis
755 995 886 1064 arbitris
903 997 1120 1083 statuendum,
1142 1004 1219 1066 tune
1235 1017 1296 1065 uos
1311 1003 1378 1064 sta-

249 1113 415 1176 tueremus
432 1111 465 1171 et
480 1103 749 1193 decerneremus,
765 1113 862 1192 prout
876 1107 972 1174 uobis
987 1105 1154 1175 uideretur
1170 1125 1246 1174 esse
1261 1107 1378 1174 melius

251 1211 474 1284 ordinandum.
500 1215 538 1280 In
564 1233 626 1298 quo
652 1235 733 1282 casu
757 1212 864 1283 dietus
889 1215 1004 1284 Abbcs
1020 1215 1171 1301 promisit
1186 1214 1304 1282 cedere
1319 1214 1380 1282 iuri

253 1332 285 1393 et
310 1325 432 1392 actioni
455 1323 608 1390 Aliensis
635 1324 801 1406 Ecclesie,
830 1343 892 1407 que
916 1323 982 1392 sibi
994 1329 1180 1408 competunt
1194 1323 1227 1390 in
1243 1322 1381 1391 decimis

253 1431 439 1500 antedictis.
463 1430 513 1496 Et
537 1431 634 1498 ambe
659 1438 772 1517 partes
791 1433 1009 1518 promiserunt
1024 1430 1202 1499 obseruare
1218 1433 1277 1500 sub
1295 1451 1383 1519 pena

255 1548 383 1610 centum
399 1557 581 1607 marcarum
597 1541 737 1627 argenti,
753 1536 906 1626 quicquid
921 1559 980 1628 per
995 1559 1057 1609 nos
1072 1539 1143 1607 sinc
1158 1545 1317 1626 tauquam
1332 1561 1383 1608 ar-

255 1653 378 1734 bitros,
403 1651 473 1716 siue
497 1655 654 1733 tauquam
679 1660 738 1736 p'er
754 1650 968 1718 arbitratores
984 1648 1067 1715 iuter
1083 1647 1175 1732 ipsos
1192 1647 1383 1717 arbitratum

255 1761 390 1846 subnot,
417 1765 451 1826 et
474 1777 562 1846 pena
577 1761 685 1828 seluta
700 1757 869 1827 arbitrium
885 1764 991 1826 ratum
1008 1755 1240 1824 nichilominus
1256 1775 1383 1843 perma-

257 1876 358 1954 neret,
375 1869 424 1934 ita
439 1866 524 1951 quod
541 1885 628 1954 pena
642 1869 676 1934 in
691 1866 832 1952 siugulis
849 1865 1005 1952 capitulis
1019 1882 1080 1932 seu
1095 1863 1252 1948 articulis,
1265 1863 1294 1932 si
1309 1884 1384 1933 con·

257 1983 442 2046 traueutum
457 1975 617 2060 fueritin
633 1975 772 2044 solidum
789 1976 858 2060 peti
873 1980 998 2060 posset.
1018 1974 1089 2040 Nos
1105 1973 1313 2041 commissum
1328 1991 1385 2042 uu·

257 2091 310 2159 bis
327 2084 468 2162 officium
485 2085 621 2168 exsequi
638 2085 807 2171 cupientes
832 2085 1007 2172 petitiones
1032 2083 1201 2167 utriusque
1216 2083 1321 2168 partis
1336 2100 1386 2148 re-

260 2199 425 2283 cepimus,
451 2216 493 2263 ex
514 2201 609 2281 parte
625 2214 767 2278 numque
782 2193 921 2262 Abbatis
939 2200 1053 2262 contra
1068 2193 1270 2280 Propositum
1286 2199 1319 2259 et
1334 2211 1387 2259 ea·

259 2306 393 2374 nomicos
409 2304 570 2372 Albenses
595 2303 690 2369 uobis
715 2302 776 2370 luit
799 2309 951 2390 porrecta
967 2301 1082 2389 petitio
1098 2302 1131 2368 in
1146 2300 1232 2368 bunc
1248 2300 1386 2369 modum.

367 2410 471 2480 Vobis
486 2417 602 2480 sancto
617 2412 703 2498 patri
720 2429 759 2478 ac
776 2411 909 2480 domiuo
924 2411 954 2479 J.
971 2409 1034 2478 Dei
1059 2412 1168 2496 gratia
1182 2409 1297 2480 Electa
1313 2411 1387 2477 Pre-

261 2522 398 2604 nestino,
415 2518 607 2604 Apostolice
623 2517 719 2586 Sedis
729 2520 855 2604 Legato
871 2523 903 2585 et
919 2517 952 2584 iu
969 2517 1031 2586 bau
1047 2526 1142 2605 parte
1157 2517 1339 2604 cocrbitr03
1357 2525 1389 2586 et

261 2631 356 2699 uobis
372 2627 464 2696 fratri
480 2629 594 2697 lduoch
611 2627 743 2696 Ordinis
760 2627 1026 2712 Predicutcrum,
1054 2635 1087 2696 et
1112 2629 1271 2715 magistro
1288 2627 1390 2696 Saule

262 2735 502 2808 Archidincono
526 2738 686 2805 Nitriensi
712 2737 859 2806 eiusdem
884 2738 1003 2824 Legati
1027 2737 1202 2806 coarbitris
1225 2737 1389 2823 conqueri·

263 2867 333 2914 mur
348 2865 426 2930 nos,
444 2845 557 2912 Abbas
574 2851 608 2911 et
623 2847 811 2914 conuentus
827 2845 941 2912 Sancti
958 2845 1091 2912 Martini
1107 2847 1148 2914 de
1163 2846 1265 2914 Sucro
1278 2847 1390 2914 Monte

264 2954 443 3039 Pannonie,
460 2954 501 3020 de
517 2954 689 3037 Prepesito
706 2961 738 3020 et
754 2953 905 3039 Oapitulo
921 2953 1076 3039 Albensi,
1094 2955 1149 3038 qui
1165 2955 1310 3022 decimas
1325 2955 1392 3020 blo-

265 3064 409 3132 nasterio
424 3063 520 3130 Beati
535 3061 667 3129 Martini
683 3062 811 3130 debitas
828 3064 870 3130 de
885 3061 1035 3129 omnibus
1050 3063 1160 3148 agris,
1177 3061 1301 3146 uineis,
1319 3083 1391 3148 pre·

265 3171 328 3238 diis
345 3177 377 3238 et
393 3171 490 3258 uillis,
511 3172 635 3240 mansis
651 3189 692 3239 ac
710 3172 854 3239 curtibus
871 3177 904 3240 et
918 3171 1186 3259 possessionibus
1203 3179 1236 3238 et
1252 3171 1391 3259 populls,

267 3281 482 3366 qualicunque
498 3283 626 3349 nomine
643 3287 860 3366 censeantur,
877 3279 921 3347 ad
937 3281 1026 3367 ipsos
1043 3280 1280 3368 pertinentibus
1296 3281 1329 3347 iu
1345 3281 1394 3348 Si·

266 3392 418 3476 migiensi
441 3389 604 3458 comitatu
629 3387 846 3460 existentibus
872 3397 986 3457 contra
1012 3391 1169 3460 iustitiam
1193 3388 1340 3457 detinent
1363 3395 1396 3456 et

268 3502 397 3568 soluere
413 3499 648 3566 contradicunt.
680 3501 764 3568 Item
779 3498 1003 3583 conquerimur
1019 3499 1061 3565 de
1078 3495 1222 3584 eisdem,
1239 3497 1327 3582 quod
1341 3516 1395 3583 po·

267 3609 363 3694 pulos
388 3627 483 3692 suos,
511 3607 728 3693 qualicunque
753 3609 884 3676 nominc
910 3613 1124 3692 censeantur,
1150 3613 1183 3673 et
1209 3613 1336 3675 ceteros
1351 3605 1396 3673 ad

268 3722 360 3806 ipsos
376 3714 575 3786 confluentes
591 3716 632 3782 do
647 3715 909 3802 possessionibus
934 3716 1077 3802 prediis,
1103 3714 1394 3801 negotiationibus,

230 3867 233 3875 .
269 3827 385 3910 uineis,
402 3823 580 3909 segetibus,
596 3824 813 3911 uectigalibus
830 3823 873 3891 ad
888 3825 979 3912 ipsos
994 3823 1397 3926 populcspertiueutibuq

270 3956 310 4004 ac
325 3935 439 4021 proles
454 3935 649 4019 eorundem,
675 3942 709 4002 et
726 3933 845 4002 ceteris
860 3934 958 4000 rebus
974 3952 1038 4018 que
1054 3931 1210 4000 decimari
1225 3930 1350 3998 debent
1364 3931 1398 3997 in

261 4041 418 4131 ‘predicte
435 4041 600 4112 comitatu
615 4043 841 4126 existentibus,
861 4042 1010 4110 decimas
1027 4041 1159 4109 soluere
1174 4037 1321 4126 predicte
1337 4039 1396 4106 Ec

272 4154 372 4221 clesie
398 4153 512 4220 Sancti
535 4153 667 4220 Martini
691 4173 756 4220 non
781 4151 980 4239 permittunt.
1011 4152 1094 4218 Item
1114 4147 1340 4236 conquerimur
1356 4147 1398 4214 du
1460 4149 1466 4159 '

274 4261 406 4348 eisdem,
423 4263 512 4346 quod
528 4265 570 4331 de
585 4260 788 4348 portionibus
805 4261 954 4330 Ecclesia
969 4261 1083 4328 Sancti
1098 4257 1241 4342 ilenrici,
1257 4275 1399 4326 necnon

274 4370 388 4438 Sancti
402 4371 555 4458 Nyoolay
570 4369 828 4457 Hospitalarium
839 4367 1042 4454 Albensium,
1058 4373 1092 4434 et
1107 4366 1249 4433 omniurn
1264 4363 1397 4432 clerico·

274 4499 345 4546 rum
371 4479 579 4561 Albensium,
604 4483 636 4544 et
651 4477 693 4544 de
708 4477 975 4564 possessionibus
991 4483 1025 4543 et
1040 4475 1171 4562 populis
1186 4474 1327 4541 omnium
1344 4493 1399 4540 cu·

276 4587 437 4676 pellurum
453 4585 499 4652 ad
513 4585 605 4668 ipsos
622 4585 782 4653 Albenses
799 4583 1037 4670 pertinentium,
1058 4583 1204 4653 decimus
1221 4581 1316 4652 nobis
1332 4583 1399 4650 sol-
