3214 5072
371 959 455 1045 opus
470 961 562 1048 porr
576 961 721 1029 ramnus
735 936 952 1048 reperturos.
978 965 1076 1027 1210.

264 1139 303 1206 In
318 1138 447 1204 nomine
457 1139 575 1205 Sancte
586 1140 756 1210 Trinitatis
773 1163 794 1207 o
810 1141 980 1208 indiuiduo
989 1141 1143 1210 Unitatis.
1154 1144 1274 1210 Notum

161 1251 201 1314 sit
215 1247 304 1316 istud
320 1252 388 1312 tam
405 1247 529 1331 futuris,
553 1265 651 1330 quom
676 1249 894 1333 presentibus,
921 1249 1010 1333 qvod
1037 1251 1125 1318 venit
1151 1253 1195 1318 ad
1217 1271 1276 1319 nos

162 1354 542 1454 ennomsusfieurienflis
571 1355 669 1441 Opus,
690 1358 790 1422 freter
813 1355 913 1442 Ketl;
938 1357 1085 1440 dixitque
1110 1343 1204 1426 nobis
1230 1366 1277 1426 tu·

30 1489 33 1499 ’
162 1467 254 1533 liter:
277 1463 372 1544 Quod
387 1483 500 1531 omnes
516 1463 651 1530 libertos
681 1485 766 1546 suos,
792 1485 871 1548 quos
894 1466 928 1531 in
955 1467 1035 1533 uilla
1060 1467 1154 1532 lldew
1179 1468 1280 1534 habet

159 1573 192 1638 in
207 1573 267 1642 toli
285 1573 423 1640 seruieio
436 1573 585 1639 Eoolosie
600 1573 694 1639 Booti
710 1574 842 1639 Martini
857 1574 889 1638 iu
905 1575 1013 1640 Monte
1029 1575 1200 1643 Pannonio
1215 1588 1280 1643 ser·

155 1682 224 1748 uiro
255 1681 484 1766 disposuisset,
521 1681 555 1746 in
587 1683 675 1763 quali
706 1681 842 1748 semioio
860 1683 947 1768 apud
964 1702 1036 1748 eum
1057 1689 1138 1749 erat.
1162 1687 1279 1752 Verum
1381 1703 1386 1712 ’

158 1797 266 1856 tomen
283 1787 450 1854 soiendum
465 1796 529 1872 est,
548 1789 635 1871 quod
650 1788 759 1854 tuliter
782 1789 889 1855 adhue
915 1811 971 1858 eos
996 1791 1146 1858 Eoolssis
1172 1789 1279 1878 dispo-

159 1899 230 1982 suit,
248 1904 283 1963 nt
299 1895 508 1981 quoadusque
533 1897 604 1981 ipso
629 1897 765 1980 uiueret,
794 1899 824 1964 ei
849 1897 1049 1966 obedientes
1066 1901 1107 1964 ‹in
1132 1903 1279 1968 omnibus

160 2008 244 2074 siout
265 2005 356 2091 prius
381 2005 565 2089 seruirent;
590 2006 621 2080 si
636 2024 719 2100 „vero
747 2006 778 2070 ei
803 2005 1018 2098 Dtsstfifium
1045 2007 1150 2092 daret,
1176 2009 1280 2076 omnis

159 2113 349 2184 substancia
366 2112 468 2198 ipsius
484 2113 551 2180 filio
567 2113 602 2178 in
618 2119 808 2199 perpetuum
825 2121 1020 2180 remuneret.
1043 2116 1185 2182 Nomina
1200 2135 1276 2183 vero

161 2243 270 2291 eornm
287 2221 346 2288 hee
361 2227 454 2288 sunt:
480 2221 600 2302 Dubur,
630 2221 762 2304 Miohal,
787 2221 908 2288 Foroos
939 2241 1008 2289 oum
1032 2225 1171 2310 postoris
1197 2225 1276 2310 suis,

163 2333 240 2397 Inoo
263 2350 336 2398 oum
368 2330 508 2415 posteris
541 2330 619 2415 suis,
636 2329 783 2414 Stephon
805 2349 876 2398 oum
901 2331 1042 2415 posteris
1069 2332 1148 2415 suis,
1174 2333 1280 2400 Juvau

163 2459 236 2506 oum
267 2440 407 2524 posteris
432 2439 510 2518 suis,
538 2439 681 2505 Jooobus
706 2457 777 2506 oum
802 2439 943 2524 posteris
972 2441 1050 2525 suis,
1080 2441 1181 2508 Milud
1208 2461 1279 2509 oum

163 2549 263 2615 fratre
281 2567 350 2630 sno,
367 2545 490 2633 Soigin,
507 2547 610 2630 Peter,
629 2547 722 2631 Paul,
738 2547 831 2616 Adon
847 2567 919 2614 oum
935 2550 1076 2634 posteris
1098 2551 1175 2629 suis,
1201 2549 1281 2617 Gar·

162 2655 249 2724 dinal
266 2675 339 2723 uum
356 2653 433 2736 filio,
450 2655 547 2720 Mune
563 2675 634 2721 oum
649 2654 727 2742 filio,
744 2656 853 2738 Come,
870 2656 993 2741 Hilous,
1015 2657 1139 2742 (timoh,
1150 2657 1281 2743 Himigi,

165 2765 266 2838 Belle,
292 2763 335 2829 Et
351 2783 459 2828 eorum
476 2769 565 2828 torre
581 2763 701 2830 eisdem
717 2765 867 2851 pertinet,
885 2766 917 2832 in
943 2785 1007 2849 quo
1037 2771 1178 2832 manent.
1202 2767 1282 2834 Alli-

163 2877 254 2958 gouit
271 2875 377 2939 ouium
392 2891 488 2936 nnnm
505 2889 631 2937 seruum
655 2875 783 2943 nomino
809 2874 929 2958 Romu,
956 2875 1011 2958 qni
1037 2879 1087 2940 est
1111 2874 1144 2939 in
1170 2873 1283 2940 eudem

165 2985 244 3051 uilla
258 2981 407 3048 Eoolesio
423 2981 519 3048 Beati
534 2979 664 3046 Martini
687 2980 746 3045 tali
772 2982 920 3066 somiein,
947 2983 998 3049 oui
1022 2981 1181 3050 oonoossit
1205 2990 1270 3048 ter-

164 3115 234 3160 rem
251 3095 287 3157 ot
301 3095 444 3154 aratrum
462 3088 505 3154 ud
521 3095 657 3170 qvatuor
674 3090 785 3171 boves,
808 3098 844 3156 ut
868 3090 1005 3172 singulis
1031 3093 1125 3157 annis
1150 3111 1278 3177 semper

164 3199 251 3288 upnd
269 3199 428 3270 Sanctum
445 3193 619 3262 Murtinnnn
635 3195 768 3262 infesto
786 3197 897 3262 Saneti
928 3197 1100 3264 Michaelis
1125 3200 1284 3282 exequias

165 3312 235 3398 ejus
251 3307 380 3374 faceret
396 3305 429 3369 in
444 3295 530 3370 boue
555 3305 684 3388 trienni,
711 3307 743 3371 in
770 3315 897 3372 uentum
923 3307 1062 3392 panibus
1087 3313 1119 3371 ot
1146 3327 1211 3373 una
1236 3313 1283 3370 tu·
1390 3299 1394 3310 ’

163 3421 249 3488 nella
274 3415 444 3484 cerevisie.
468 3412 625 3480 Preteree
641 3409 674 3480 in
690 3415 834 3481 seeundo
848 3416 967 3501 predio
987 3415 1070 3499 ejus,
1086 3415 1172 3498 qvod
1188 3433 1282 3486 rouu-

167 3535 216 3594 tur
232 3523 380 3592 Semissos
394 3527 521 3608 portem
537 3541 629 3588 suam
653 3522 686 3586 in
716 3529 812 3606 terre,
839 3522 873 3588 iu
898 3523 994 3609 sylva
1018 3528 1051 3588 et
1074 3539 1203 3588 seruum
1229 3541 1284 3586 no·

164 3638 248 3703 mine
263 3632 391 3699 Iruslon
406 3649 477 3696 eum
498 3629 624 3697 duobus
641 3629 716 3694 tiliis
734 3635 766 3694 ot
789 3649 855 3710 unp
882 3631 981 3696 uinea
1009 3630 1152 3716 disponit
1178 3629 1296 3698 eidem·

166 3743 325 3828 Euolesie,
342 3747 376 3807 et
390 3759 488 3808 unam
504 3742 633 3806 ninenm
651 3741 683 3805 in
701 3739 780 3806 uilla
796 3739 895 3805 Eeho.
922 3741 1003 3806 Item
1019 3739 1053 3805 in
1069 3739 1181 3824 predio
1198 3737 1284 3822 qvod

168 3857 302 3920 vouutur
317 3849 427 3932 Karion,
453 3847 539 3932 qnod
554 3853 605 3914 est
617 3865 721 3932 ,propo
740 3845 784 3912 ad
807 3848 948 3913 insulam
963 3847 1071 3931 Regis,
1096 3853 1198 3914 toturn
1223 3853 1284 3912 ter·

167 3981 236 4027 rom
256 3958 418 4043 disposuit
443 3954 551 4020 eidem
569 3954 717 4020 Ecclesie
742 3949 785 4018 od
803 3953 881 4048 ¹ejus
908 3961 1033 4040 purtem
1057 3953 1283 4041 pertinentem.

168 4069 252 4134 Item
283 4063 374 4138 dedit
403 4063 501 4147 nepti,
520 4081 577 4128 suo
602 4062 764 4145 libertino,
791 4079 923 4160 quorum
948 4063 1079 4129 nomine
1103 4063 1164 4128 heo
1189 4069 1282 4128 sont:

166 4173 277 4257 Fiooh,
295 4171 401 4256 Ougul
417 4189 489 4236 oum
503 4167 580 4252 filio,
598 4171 754 4256 Lampert
769 4189 841 4236 oum
865 4169 978 4252 fratre,
996 4177 1027 4235 et
1042 4189 1139 4235 unum
1156 4189 1284 4238 seruum

168 4283 297 4350 nomine
313 4279 444 4362 Bulsuu,
461 4278 625 4344 Vrbauum
653 4299 726 4345 oum
751 4277 829 4363 filio,
854 4278 1039 4346 Joroslounr
1063 4295 1133 4342 oum
1158 4277 1284 4348 dnobus

168 4392 242 4459 tiliis
258 4389 350 4458 dedit
366 4387 515 4454 Euolesie
532 4385 646 4453 Sonoti
661 4387 802 4471 Martini,
819 4387 948 4453 tortium
973 4405 1051 4453 vero
1076 4385 1176 4452 filium
1201 4389 1284 4474 ejus·

170 4499 241 4566 dem
257 4497 348 4582 dedit
363 4493 492 4584 prefato
515 4493 614 4580 nupti,
631 4499 663 4560 ot
677 4515 775 4561 unum
800 4493 962 4562 onoillom.
985 4491 1157 4578 Disposuit
1181 4495 1284 4562 seiam

173 4605 211 4674 de
226 4604 388 4677 libertinis
413 4603 505 4671 uxori
521 4621 579 4670 sue
605 4609 637 4669 et
666 4603 742 4690 tilio,
773 4621 906 4688 quorum
938 4601 1070 4672 nomine
1100 4600 1160 4670 heo
1190 4607 1281 4668 sunt:
