3198 5058
651 235 805 370 „ug

165 465 345 532 memorato
359 459 571 550 dormiero,
587 460 794 549 postmodum
809 468 921 532 nmen
936 461 1095 550 religione
1111 463 1285 545 iuramenti

166 571 199 638 'ct
212 569 379 639 sententia
394 570 470 660 ipsc
485 570 691 656 contemptis,
711 569 803 656 ipsos
818 587 917 658 super
931 567 1029 639 rebus
1044 567 1166 639 eisdem
1181 571 1287 640 multi·

165 677 295 764 pliciter
317 684 483 765 aggreuct
499 678 719 765 ermolectct,
744 678 850 773 ceptis
873 675 1042 746 monachis
1064 683 1098 746 et
1119 681 1288 749 conuersis

166 784 314 855 ciusdem
335 787 530 856 Monusterii
554 787 772 858 existentibus
804 789 838 856 in
869 785 952 856 locis
975 786 1152 875 predictis,
1173 789 1287 857 uulne-

166 895 245 963 retis
269 897 376 964 seruis
399 915 531 984 corum,
554 897 588 967 st
610 895 806 986 quibusdum
823 893 958 964 edificiis
972 894 1161 982 Monosterij
1178 915 1219 962 ac
1232 897 1289 964 do

167 1003 273 1071 nribus
305 1005 509 1089 quorundum
541 1025 670 1075 suorum
703 1004 869 1076 homiuum
906 1003 1060 1071 incendio
1096 1002 1288 1072 dcumtutis.

167 1109 248 1178 Ounr
279 1119 390 1182 eutem
421 1111 570 1201 prointus
604 1115 654 1200 lt,
687 1119 723 1181 ut
745 1111 884 1199 dicitnr,
923 1111 1289 1181 excommunicationem

167 1224 386 1308 contempnat,
409 1229 442 1290 ct
464 1220 650 1312 transgredi
673 1241 738 1290 nou
760 1227 885 1292 metunt
906 1221 1133 1306 iuramentum,
1157 1227 1290 1310 propter

168 1327 256 1413 qnod
286 1329 402 1397 merito
435 1337 487 1398 est
519 1335 632 1399 contra
663 1349 737 1400 eum
772 1331 920 1398 seculare
944 1327 1110 1396 brachium
1133 1315 1290 1397 adhiben-

168 1434 263 1518 dum,
291 1439 510 1508 Serenitetcm
534 1447 623 1508 tuum
646 1459 814 1508 monemus
838 1447 871 1506 et
892 1439 1058 1506 hortamur
1081 1429 1115 1506 iu
1138 1437 1290 1522 Domino,
1400 1469 1404 1478 ·

170 1545 321 1627 quatinus
353 1545 411 1631 pro
443 1547 565 1616 Diuina
598 1555 632 1616 et
663 1555 775 1618 nostra
805 1547 993 1616 reuerentia
1025 1565 1066 1616 sc
1097 1551 1153 1613 tue
1176 1544 1291 1614 salutis

169 1652 303 1720 obtentu
334 1655 516 1741 predictum
547 1657 780 1725 nonasterium
812 1664 869 1724 tue
900 1653 1114 1742 protectionis
1145 1652 1291 1740 presidio

169 1759 365 1846 confouens,
389 1769 422 1830 et
446 1763 480 1830 in
504 1781 562 1830 suo
585 1764 656 1830 iure
680 1781 896 1844 conseruans,
919 1767 1132 1830 memoratum
1156 1760 1292 1828 militem

171 1867 213 1934 ub
236 1867 410 1936 eorundem
433 1870 573 1939 Abbatis
606 1877 639 1939 ct
670 1873 856 1940 Conceptus
888 1890 986 1957 super
1013 1868 1170 1956 predictis
1193 1868 1292 1938 molc-

171 1973 312 2042 stutiouc
337 1995 470 2048 cessare
493 1981 598 2065 Regia
622 1979 816 2048 auctoritate
841 1979 1039 2065 compellus3
1073 1979 1121 2045 itu
1146 1975 1267 2066 quod
1258 1997 1293 2043 ιιι

170 2085 312 2168 presenti
334 2086 474 2170 gratiam
498 2091 562 2155 ct
552 2108 587 2156 ru
610 2087 717 2156 futuro
740 2089 880 2172 gloriam
903 2087 1069 2154 merearis.
1092 2083 1216 2154 Datum
1234 2085 1293 2154 Pe·

172 2188 251 2276 rusij
275 2191 364 2260 vni
389 2193 456 2262 kal
479 2197 704 2285 Septembris,
728 2196 939 2265 Pontificatus
961 2193 1065 2264 nostri
1087 2213 1173 2284 cuno
1196 2211 1292 2262 nouo.

323 2429 470 2534 ¹(liresietie
488 2479 507 2521 e
523 2451 737 2522 umtmtrtoni
754 2405 1141 2536 ittopdtstgleuditttrtben.)⁴
1247 2463 1296 2510 t
1369 2489 1372 2500 .

235 4719 362 4772 ιιοιυιι
375 4701 564 4768 nonomen.
575 4739 602 4752 -
615 4717 697 4764 omn.
709 4721 731 4763 ι.
