3222 5054
783 295 946 396 Q

831 782 911 848 162.

325 957 407 1024 Beda
422 957 479 1046 t'sj.
495 958 605 1046 lrirdly
629 983 667 1024 aa
693 961 848 1026 ooszttdoc'
867 983 908 1025 oz.
938 961 1071 1026 toccu
1096 965 1230 1050 opdtedp
1255 963 1407 1050 liuppon-

540 1067 727 1153 orszdpbarri
734 1069 894 1155 jdczdpnit
909 1069 1094 1154 maperdeiti.
1111 1069 1208 1133 1230.

414 1245 453 1310 In
468 1246 598 1312 nomine
615 1245 736 1312 Sancte
751 1246 923 1312 Trinitatis
938 1255 972 1314 et
986 1246 1158 1314 Individue
1178 1245 1331 1317 Unitatis.
1348 1245 1431 1312 Bela

303 1351 368 1420 Dei
389 1353 504 1436 gracia
527 1354 599 1420 Rex
622 1353 858 1439 primogenitus
882 1355 981 1440 Regis
1006 1355 1174 1440 Hungarie
1192 1355 1342 1422 omnibus
1357 1373 1430 1441 pre

303 1467 427 1526 sentem
443 1461 598 1546 paginam
615 1461 810 1547 inspecturis
826 1461 859 1528 in
876 1482 953 1528 uero
969 1463 1110 1536 salutari
1125 1464 1274 1530 salutem.
1286 1463 1365 1530 (lum
1377 1478 1428 1543 ea,

304 1586 368 1652 que
385 1568 586 1651 factasunt,
603 1569 757 1652 temporis
773 1568 949 1636 diurnitate
965 1569 1092 1637 soleant
1109 1569 1281 1653 obliuisci,
1308 1568 1430 1636 ideirco

305 1681 373 1742 tam
389 1676 433 1743 ad
448 1677 647 1760 presentium
663 1695 759 1760 quem
777 1676 821 1742 ad
837 1675 1014 1744 futurorum
1030 1679 1179 1744 uolumus
1189 1676 1342 1744 noticiam
1358 1695 1430 1762 per·

304 1784 424 1866 uenire,
441 1783 604 1874 quoniam,
621 1805 692 1850 cum
709 1783 956 1870 perpetuitates,
974 1795 1006 1852 et
1021 1793 1110 1851 terra
1126 1791 1319 1866 castrorum,
1332 1790 1431 1867 atque

304 1890 479 1976 priuilegia
494 1897 652 1966 terrarum
677 1911 698 1956 a
723 1891 818 1960 nobis
833 1898 1083 1978 renouarentur,
1110 1891 1249 1977 singulis
1274 1889 1430 1974 inspectis

306 2006 339 2068 et
362 1998 517 2084 perlectis
541 2000 684 2087 quedam
708 2007 783 2068 sunt
809 1998 1000 2068 confirmata
1011 2049 1021 2084 ,
1042 1997 1182 2084 quedam
1197 2019 1276 2066 uero
1292 1999 1429 2066 irritata.

306 2107 373 2174 Sed
389 2097 460 2176 cum
476 2107 574 2176 heca
589 2109 683 2175 nobis
699 2113 768 2176 ota
785 2107 963 2175 maioribus
980 2115 1066 2174 terre
1082 2108 1124 2174 de
1140 2107 1309 2174 uoluntate
1326 2107 1429 2194 patris

305 2217 408 2282 nostri
423 2216 522 2300 Regis
538 2215 668 2282 Andree
693 2221 725 2283 et
750 2215 861 2283 fratris
885 2217 987 2284 nostri
1012 2216 1182 2284 colomani
1209 2215 1311 2301 Regis
1327 2213 1431 2280 diseu-

305 2329 474 2407 terentur,
500 2324 583 2392 inter
607 2323 908 2418 oete1·apriuilegia
924 2325 1069 2407 Abbatis
1081 2323 1115 2389 in
1132 2324 1255 2392 Sancta
1271 2323 1374 2390 Gruce
1389 2323 1431 2390 de

305 2431 439 2498 dustria
453 2430 548 2498 nobis
564 2437 648 2498 sunt.
658 2439 868 2517 presentata,
893 2451 956 2515 qne
972 2431 1094 2500 Abbati
1110 2431 1255 2500 eiusdem
1271 2431 1430 2513 Ecclesie,

306 2539 390 2605 sient
404 2543 631 2606 antecessores
646 2540 767 2616 nostri,
791 2559 853 2606 neo
878 2560 942 2606 non
968 2547 1001 2609 et
1025 2548 1121 2626 pater
1145 2547 1255 2610 noster
1280 2542 1351 2606 Rex
1366 2541 1430 2606 An·

307 2647 404 2716 meas
420 2667 479 2732 pro
495 2647 602 2715 salute
619 2666 681 2714 sua
690 2696 700 2732 ,
717 2651 749 2714 ct
764 2646 912 2714 remedio
928 2647 1035 2714 anime
1050 2649 1167 2716 matris
1183 2654 1314 2733 nostre,
1331 2655 1429 2732 atque

305 2754 575 2842 predecessorum
599 2773 888 2840 successorumque
918 2775 1048 2824 suornm
1078 2757 1186 2824 salute
1217 2757 1428 2842 contulerant,

306 2861 524 2949 reddidimus,
542 2871 575 2931 et
591 2871 695 2932 terras
713 2864 887 2950 uidelicet,
903 2884 966 2952 que
982 2873 1140 2934 uocantur
1155 2865 1246 2932 ouria
1261 2865 1382 2950 Regis,
1398 2871 1430 2932 et

307 2971 376 3041 alia
396 2979 504 3058 terra,
530 2990 593 3056 que
609 2972 727 3040 dicitnr
742 2973 925 3058 Leginthov
937 3024 945 3053 ‚
956 3041 959 3048 ,
972 2993 1044 3040 cum
1060 2972 1210 3042 omnibns
1225 2973 1431 3060 pertinentiis

306 3081 376 3148 suis
385 3130 395 3166 ,
421 3087 453 3148 et
477 3081 568 3149 sales
583 3081 680 3148 trium
696 3081 832 3148 millium
847 3101 1054 3168 swanornm,
1080 3101 1162 3165 quas
1180 3082 1252 3168 ipse
1268 3081 1382 3148 Abbas
1398 3082 1432 3146 in

306 3187 392 3256 festo
408 3188 523 3256 Sancti
538 3189 640 3274 Regis
656 3186 816 3276 Stephani
831 3190 866 3256 in
882 3191 1034 3275 Supprun
1051 3210 1072 3256 a
1088 3189 1255 3259 salinariis
1281 3187 1431 3276 accipere

307 3296 414 3380 debet,
431 3303 464 3364 et
478 3297 674 3384 ohybriones
690 3302 723 3363 et
737 3297 908 3364 libertinos
924 3297 1097 3380 denarios,
1115 3297 1170 3382 qni
1186 3299 1285 3382 uulgo
1302 3293 1432 3362 somarii

274 3437 276 3442 ·
306 3411 474 3492 uocantur,
490 3412 524 3472 et
538 3405 686 3494 pondera
701 3411 736 3471 et
750 3425 880 3472 omnem
895 3406 1079 3490 collectam,
1095 3425 1193 3489 qnam
1203 3403 1376 3470 monetarii
1387 3400 1431 3471 ad

308 3531 473 3582 cameram
487 3520 633 3582 nostram
650 3515 806 3600 colligere
827 3513 952 3598 solent,
969 3524 1067 3600 atque
1092 3511 1283 3588 exactiones
1308 3519 1342 3580 et
1367 3531 1430 3579 orn-

307 3641 382 3688 nem
412 3622 623 3707 pensionem,
655 3642 717 3706 qne
743 3621 940 3690 succedente
964 3629 1110 3708 tempore
1129 3623 1162 3688 in
1178 3622 1294 3707 Regno
1320 3625 1431 3687 nostro

308 3747 476 3814 emergere
485 3735 608 3814 posset,
620 3737 653 3796 et
669 3750 781 3798 omncs
791 3732 973 3818 libertates,
984 3731 1068 3798 sient
1083 3731 1116 3796 in
1132 3727 1432 3815 priuilegiisipsius

309 3838 531 3924 continentur,
557 3837 658 3924 sigilli
682 3839 785 3905 nostri
810 3839 987 3906 munimine
1009 3837 1145 3906 fecimus
1162 3835 1310 3904 roborari
1325 3835 1432 3901 eidem

308 3945 467 4015 Ecclesia.
494 3945 538 4013 Et
553 3945 629 4013 ideo
648 3953 753 4016 terras
770 3947 835 4014 iam
852 3947 959 4015 dietas
976 3954 1008 4014 et
1023 3947 1180 4032 populum
1196 3944 1345 4012 Ecclesie
1361 3961 1431 4010 cum

309 4054 457 4122 omnibus
480 4053 691 4144 prodentibus
716 4055 765 4129 sio
789 4063 883 4123 extra
908 4075 1072 4124 muneram
1096 4061 1243 4122 nostram
1273 4052 1316 4118 ab
1347 4051 1433 4118 omni

308 4164 502 4246 grauumine
532 4169 566 4232 et
596 4166 769 4233 exactione
799 4172 898 4248 atque
928 4165 1139 4230 infestatione
1170 4163 1369 4229 liberrimum
1401 4163 1434 4225 et

310 4279 495 4360 exemptum
512 4291 586 4342 esse
602 4273 772 4357 nolumus,
796 4275 881 4340 sicut
895 4273 990 4340 nobis
1007 4291 1028 4338 a
1043 4273 1113 4339 Deo
1130 4271 1165 4337 in
1180 4271 1355 4338 nouissimo
1381 4269 1434 4336 die

310 4381 446 4448 retribui
471 4381 627 4466 cupimus.
660 4380 889 4448 Concessimns
905 4399 1053 4468 quoque,
1080 4385 1114 4446 ut
1132 4377 1435 4465 populusprediote

312 4485 458 4553 Ecclesia
472 4507 534 4555 neo
549 4489 594 4556 ad
609 4487 801 4554 incidendas
815 4487 1011 4572 indagines,
1032 4507 1093 4554 nee
1110 4489 1234 4554 fossam
1250 4485 1436 4553 faciendam

313 4595 407 4658 extra
423 4599 564 4661 castrum
578 4597 635 4662 nel
653 4594 735 4661 eitra
759 4594 992 4682 llnsuniense,
1020 4597 1090 4664 sine
1115 4595 1201 4662 alias
1225 4613 1247 4662 a
1273 4613 1436 4680 quoquam
