3214 5066
817 301 883 370 206

772 391 930 406 ι·-

297 497 368 586 Vgo
383 499 476 568 miles
491 497 613 570 domini
627 498 761 566 Neruoli
787 503 821 566 et
843 499 878 565 in
902 497 1040 568 veritate
1056 497 1212 586 diuinus,
1238 501 1325 586 quod
1348 521 1410 570 nos

297 609 415 676 suimus
441 607 474 673 in
496 607 664 690 illelom,
681 606 788 675 silicet
801 606 836 672 in
851 613 939 675 terre
954 606 1057 695 Regis
1073 606 1236 695 Vngerie‚
1260 607 1316 677 ubi
1339 611 1411 678 Rex

296 716 392 784 Bella
416 713 501 782 filius
528 714 649 783 domini
663 714 793 782 Andree
808 715 910 800 Regis
924 715 1067 802 Vngerie
1083 737 1155 784 oum
1171 718 1238 786 suis
1253 717 1410 786 militibus

296 822 475 908 etquidem
490 823 608 891 milites
623 821 862 890 DuoisAustrie
877 834 937 909 per
951 825 1139 893 uiolentiam
1149 831 1328 912 rapuerunt
1337 831 1410 892 tun-

296 922 364 1000 tum
388 933 471 1000 inter
495 951 608 998 eurum
633 938 666 998 et
691 935 862 1018 argentum
887 937 919 998 et
944 925 1033 1003 uoles
1050 933 1091 1002 lie
1107 933 1203 1000 Petro
1218 933 1351 1000 Alberto
1368 930 1412 998 de

297 1041 461 1124 Venusia,
480 1039 566 1124 quod
579 1039 710 1105 luerunt
724 1041 868 1106 uulentiu
882 1061 1010 1109 mareas
1026 1043 1155 1127 argenti
1170 1047 1362 1126 sexeentss,
1378 1047 1412 1106 et

175 1203 176 1206 ,
255 1183 264 1200 ·
297 1156 421 1216 lentum
435 1148 476 1214 de
492 1145 565 1212 Vito
580 1145 736 1213 Penotulo
752 1147 794 1214 do
810 1147 972 1235 Venonis,
998 1149 1086 1234 quod
1111 1149 1240 1217 luerunt
1257 1145 1410 1215 marones

298 1257 425 1342 argenti
440 1253 680 1338 quatuordeeim
697 1261 730 1324 et
746 1261 885 1338 quotuor
901 1258 1032 1325 merehe
1047 1257 1127 1324 euri.
1144 1259 1186 1323 Et
1201 1257 1263 1326 boo
1277 1276 1337 1342 per
1353 1275 1410 1322 ue-

297 1386 365 1433 rum
389 1364 522 1430 dicimus
546 1359 772 1428 testimonium.
805 1362 939 1449 Signum
967 1366 1273 1451 suprascriptorum
1289 1362 1411 1431 domini

298 1472 448 1542 Demitrii
472 1470 573 1556 Regis
599 1469 748 1537 Salanilsi
764 1474 796 1536 et
812 1469 939 1555 Vgonis,
949 1473 1061 1542 militis
1076 1471 1185 1558 quood
1199 1473 1261 1540 beo
1274 1473 1409 1558 rogetis.

404 1580 512 1664 †Ego
528 1578 670 1650 Marinus
685 1578 806 1644 Netule
822 1585 858 1644 tt.
877 1580 933 1647 ssi.

403 1691 424 1768 †
438 1687 581 1754 Marinus
597 1685 733 1754 Pentulo
751 1693 788 1753 tt.
806 1688 862 1753 ssi.

405 1792 659 1882 (Jopyzb'ijepy.)
687 1793 757 1878 Ego
773 1793 990 1862 Hermeoores
1007 1795 1079 1864 cito
1094 1797 1256 1884 presbiter
1272 1801 1305 1863 et
1319 1802 1411 1864 note·

271 1993 272 1996 Ἴ
298 1903 367 1970 rius
383 1901 542 1990 eompleui
558 1909 590 1968 et
604 1900 765 1969 roborant.

299 2078 336 2151 (Δ
352 2079 439 2151 „liber
451 2077 629 2151 Plegiorum“
644 2075 735 2134 ozlmit
756 2057 902 2137 veleuonei
914 2079 1152 2151 stutuslrbnyvbbl
1165 2077 1261 2136 Sinkel
1275 2079 1409 2151 Tivudsr,

190 2161 193 2168 ‘
364 2169 549 2226 Monuments
562 2170 699 2241 graphice
711 2169 796 2225 medii
810 2169 892 2247 nerii,
906 2169 943 2226 H.
955 2169 1013 2226 filu.
1024 2168 1099 2234 'Reos
1113 2163 1196 2228 1858.¹
1204 2170 1231 2228 4.
1244 2169 1345 2243 trlbls.)

740 2413 960 2440 -----'-...-

305 2927 390 2992 Troo
413 2925 566 2992 odrosbao
589 2925 755 3015 lapyuttki
774 2947 833 3012 per
856 2948 878 2988 o
896 2925 1032 3014 pcipo'tol
1054 2924 1209 2991 kikltld‘o'tt
1225 2925 1317 3002 biretis
1337 2925 1410 2992 elb'tt

811 3033 908 3096 1224.

408 3214 566 3282 Omnibus
580 3211 624 3278 ud
636 3231 715 3298 quos
731 3230 865 3296 presens
881 3213 1035 3299 seriptum
1049 3211 1233 3298 pervenerit
1260 3213 1302 3280 bl.
1327 3213 1409 3282 Sen-

280 3325 343 3394 ·oti
354 3325 521 3411 ,stephani
537 3329 570 3390 et
585 3321 625 3388 D.
641 3324 754 3398 Senoti
769 3323 856 3390 Petri
871 3322 1037 3399 Abbetes,
1061 3340 1122 3387 neo
1145 3339 1209 3388 non
1228 3322 1254 3388 1.
1272 3319 1411 3389 Canoni-

301 3451 357 3499 ous
382 3431 610 3516 Treguriensis
636 3437 780 3498 eternum
807 3429 840 3496 in
863 3430 1001 3498 Domino
1017 3429 1165 3496 salutem.
1182 3428 1342 3514 Suseepte
1358 3427 1413 3495 de·

300 3542 473 3625 legationis
498 3541 673 3608 autoritate
697 3559 720 3606 a
744 3540 875 3608 Summo
890 3537 1044 3606 Pontifloe
1069 3538 1101 3626 in
1124 3537 1289 3605 cuiusdam
1327 3545 1411 3604 terre

302 3667 429 3733 caussa,
446 3653 508 3734 que
524 3650 609 3714 inter
625 3644 805 3714 Canonieos
820 3645 934 3712 Sanoti
944 3645 1074 3712 Domuii
1091 3652 1122 3711 et
1136 3643 1336 3712 Conventum
1346 3645 1412 3713 blo·

300 3756 435 3824 mosterii
451 3757 562 3824 Sanoti
577 3754 745 3822 Benedieti
761 3754 944 3821 uertebetur
953 3803 963 3837 ,
988 3751 1075 3820 detis
1095 3751 1241 3838 pertibus
1258 3751 1412 3837 legitimis

206 3919 209 3924 .
282 3862 439 3938 ,induetis
455 3863 672 3948 allegationes
699 3869 732 3928 et
755 3861 964 3947 exeeptiones
979 3861 1137 3946 utrimque
1152 3862 1338 3948 propositos
1356 3881 1412 3928 uu-

301 3971 372 4039 dire
396 3967 579 4040 curavimus
603 3971 783 4060 diligenter.
817 3969 1056 4057 Proponebetur
1081 3969 1240 4054 siquidem
1264 3989 1305 4037 ex
1318 3974 1411 4056 purte

302 4079 556 4164 Oenonieorum,
586 4080 672 4165 qnod
687 4077 825 4162 quedem
840 4077 972 4146 domine
987 4077 1115 4147 nomine
1130 4078 1218 4146 Stris
1233 4079 1308 4146 olim
1326 4077 1410 4144 Gau-

302 4187 347 4276 ‹iij
360 4187 507 4256 Kulende
522 4188 645 4270 reliotu,
656 4205 726 4256 oum
739 4189 833 4254 morti
842 4187 1168 4274 proximavideretur‚
1178 4188 1301 4272 legavit
1312 4206 1411 4270 qusu-

302 4294 379 4364 ‹lem
394 4316 486 4364 suem
501 4301 621 4364 terrem
636 4295 868 4382 prenominatis
885 4295 1076 4382 (toronicis,
1115 4294 1266 4386 uidelicet
1281 4297 1349 4362 siue
1365 4295 1410 4361 ui-

302 4411 393 4486 ueret
406 4405 479 4474 siue
492 4410 686 4490 moreretur,
710 4410 743 4496 et
766 4403 828 4471 boe
843 4422 900 4472 sue
915 4404 1099 4472 donationis
1115 4411 1340 4474 eromenion
1354 4423 1410 4490 pu-

303 4511 389 4580 bltoo
405 4513 614 4582 instrumento
629 4511 786 4598 firmanit3
805 4519 838 4579 et
846 4511 1062 4582 ostendebant
1072 4513 1229 4584 Oanoniei
1238 4515 1332 4582 buius
1342 4533 1411 4582 eur-

305 4620 408 4688 tulem
432 4619 643 4692 instrumenti.
673 4622 838 4690 Eoontra
867 4641 943 4693 vero
972 4623 1130 4694 Monieles
1160 4623 1412 4710 respondebunt,
