3214 5066
800 343 961 450 ‚319-

201 621 205 626 ,
325 545 605 616 confirmacionem
629 545 777 614 eiusdem
801 563 899 631 super
922 543 1094 630 priuilegio
1120 541 1233 622 Sancti
1254 541 1355 629 Regis
1370 543 1441 612 Sto·

323 653 441 740 phani,
467 659 500 722 et
524 655 723 722 sentenciam
750 651 951 720 definicionis
975 671 1073 740 super
1088 649 1223 744 decimis
1239 649 1441 738 simigiensi·

322 761 402 842 bus,
427 767 460 828 et
484 762 691 850 priuilegium
707 761 842 829 Honorii
856 763 947 847 Pape
969 761 1079 844 tercii,
1104 765 1137 826 ct
1161 757 1439 828 confirmacionem

323 865 469 936 eiusdem
485 889 582 956 super
599 869 781 959 priuilegiis
798 869 917 938 Montis
933 868 1063 936 Oassini
1078 866 1192 937 Sancti
1206 865 1391 952 Benedicti,
1406 867 1439 933 in
1465 863 1471 872 '

323 977 438 1062 quibus
454 979 661 1046 declarantur
675 985 709 1048 et
726 977 953 1046 confirmantur
977 977 1146 1046 libertates
1162 975 1313 1044 Ecclesie
1327 979 1440 1050 nostru

283 1155 284 1158 ,
323 1093 357 1154 et
379 1087 569 1172 priuilegia,
596 1107 659 1170 que
685 1087 881 1155 obtinuimus
906 1087 949 1154 ab
973 1085 1195 1152 illustrissimo
1211 1083 1302 1168 Rege
1327 1089 1438 1155 nostro

321 1193 453 1262 Andrea
468 1215 567 1282 snper
583 1191 885 1286 confirmacionibus
909 1200 941 1262 et
964 1192 1235 1262 renouaeiouibus
1250 1192 1437 1280 priuilegio·

309 1323 391 1370 ‘rum
405 1302 531 1370 scilieet
545 1303 658 1372 Sancti
673 1303 831 1389 Stephani
846 1303 956 1390 Regis,
973 1307 1006 1368 et
1020 1302 1116 1370 Beati
1127 1299 1286 1384 Ladiulai,
1304 1307 1337 1368 et
1350 1301 1436 1371 bone

320 1412 473 1478 memorie
489 1410 598 1498 (leyse
615 1419 647 1479 et
661 1411 740 1480 Bele
755 1413 880 1498 Regum
896 1430 994 1496 snper
1009 1405 1436 1502 omnibuspossessionibus

319 1520 468 1586 Ecclesia
482 1527 601 1606 nostre,
618 1527 651 1588 et
665 1522 763 1607 villis,
776 1525 809 1587 et
827 1521 961 1607 prediis,
977 1525 1011 1586 et
1025 1517 1231 1604 molendinis,
1247 1537 1311 1602 que
1327 1518 1436 1602 acqui-

319 1629 383 1696 sita
407 1629 462 1696 vel
486 1637 596 1716 empta
623 1631 683 1700 uel·
700 1631 825 1698 donata
840 1630 972 1698 fuerunt
986 1635 1132 1716 tempore
1148 1633 1276 1714 nostro,
1302 1645 1435 1712 quorum

317 1738 452 1806 nomina
466 1738 527 1806 hec
543 1745 639 1807 sunt:
662 1741 698 1808 in
713 1739 816 1816 Sala,
832 1733 1038 1807 villa'blolva
1047 1785 1057 1822 ,
1082 1743 1116 1805 et
1130 1737 1195 1804 due
1210 1735 1287 1802 ville
1303 1735 1435 1802 clerico-

234 1851 240 1878 '
317 1863 399 1931 rum,
417 1851 451 1912 et
464 1845 544 1914 villa
559 1849 666 1933 Stura,
683 1854 716 1914 et
730 1849 813 1915 villa
828 1865 926 1930 noua,
942 1851 974 1910 et
989 1845 1069 1912 villa
1084 1846 1126 1913 dc
1142 1843 1285 1931 Odvory,
1309 1849 1343 1932 et
1357 1842 1435 1910 villa

318 1950 360 2020 de
374 1953 518 2040 Prema,
543 1961 576 2023 et
592 1955 671 2022 villa
686 1955 728 2022 de
744 1957 867 2044 Sancta
882 1951 1005 2039 Grues,
1030 1959 1063 2020 et
1084 1953 1165 2020 villa
1187 1952 1229 2020 de
1253 1951 1378 2038 dibon,
1403 1957 1436 2018 et

316 2059 398 2131 villa
414 2061 460 2130 de·
471 2061 622 2150 Sceledre,
651 2071 683 2132 et
699 2065 778 2132 villa
794 2064 835 2131 de
851 2062 1037 2144 Sochorou,
1062 2069 1095 2129 ct
1119 2061 1201 2129 villa
1223 2061 1264 2128 de
1286 2059 1378 2147 Call,
1403 2064 1435 2127 et
1564 2148 1569 2159 μ

316 2175 404 2241 terra
420 2171 643 2241 deBarsonus
652 2225 662 2259 ‚
689 2178 723 2240 et
736 2169 817 2240 villa
832 2171 874 2239 de
889 2169 1056 2256 Pethend‚
1081 2178 1114 2240 et
1137 2177 1225 2238 terra
1243 2169 1285 2238 du
1299 2167 1434 2256 Wynar,

318 2284 350 2346 et
364 2279 482 2366 predia
497 2279 538 2346 de
554 2279 659 2348 Nema
668 2332 677 2366 ‚
694 2279 736 2346 de
752 2283 961 2371 Aswanterr,'
971 2301 1050 2364 ,cum
1066 2279 1166 2346 tribus
1181 2276 1379 2347 molendinis
1394 2277 1434 2344 de

318 2383 483 2474 (leychen,
501 2387 676 2472 etGamos
687 2396 720 2456 et
731 2389 932 2476 Hygma-gos,
948 2395 982 2456 et
997 2389 1031 2455 in
1046 2389 1143 2474 syluu
1158 2387 1265 2474 Selyz.
1281 2385 1352 2452 Heu
1367 2405 1432 2453 om·

316 2495 373 2562 nia
388 2496 496 2562 verius
512 2503 589 2564 suut
605 2504 716 2582 empta
724 2549 733 2583 ,
759 2517 856 2582 quum
876 2497 1035 2586 acquisitu
1049 2497 1104 2564 uel
1119 2495 1250 2563 donata.
1282 2495 1433 2562 Preterca

317 2621 416 2689 super
431 2603 565 2672 decimis
582 2605 809 2692 Simighiensis
824 2607 972 2674 Ecclesie
981 2653 991 2690 ‚
1017 2624 1100 2689 quas
1125 2595 1262 2674 reddero
1276 2603 1433 2671 nolebant

316 2719 349 2780 et
365 2713 639 2799 cunundieebant,
657 2721 690 2781 et
704 2714 943 2802 Templarium,
960 2722 993 2782 ct
1006 2705 1273 2800 Hospitalarium,
1290 2717 1324 2777 et
1338 2711 1430 2778 uilla·

245 2889 249 2910 ,
314 2841 386 2890 rum
410 2839 560 2902 suarum,
585 2829 618 2888 et
643 2823 834 2891 Albensium
859 2823 1095 2893 canonicorum
1118 2821 1265 2891 similiter
1288 2821 1322 2886 in
1336 2819 1428 2888 Simi-

316 2928 445 3015 ghieusi
461 2927 622 3000 uomicam
637 2933 860 3014 existencium,
877 2915 1024 3000 similiter
1033 2932 1221 3013 Latinorum
1228 2928 1427 3016 Albensium,

283 3057 286 3071 ¹
316 3046 349 3106 et
365 3039 470 3110 eciam
483 3039 714 3127 Rutenorum,
739 3047 771 3108 et
794 3043 985 3130 populorum
1000 3039 1249 3127 Vesprimieusis
1264 3038 1427 3125 Episcopi.

315 3145 383 3215 Sed
399 3148 475 3230 quia
489 3167 587 3236 super
611 3148 662 3216 his
686 3149 835 3218 omnibus
860 3149 1068 3235 acquirendis
1082 3156 1284 3220 retinueram
1300 3149 1429 3231 aliquus

223 3247 228 3256 ⁴
301 3261 508 3348 prouentus,
533 3258 587 3342 qui
612 3257 815 3326 debebantur
839 3258 883 3324 ad
898 3277 1043 3326 mensam
1060 3257 1194 3324 fratrum
1209 3275 1354 3324 meorum
1368 3276 1426 3342 pro

313 3366 459 3452 piscibus
474 3364 619 3432 emendis
637 3387 677 3433 ex
689 3373 855 3436 'consensu
871 3365 1055 3446 eorundem,
1068 3365 1223 3452 scilieet,
1248 3363 1289 3431 ds
1313 3365 1425 3450 predio

313 3473 355 3541 de
370 3475 503 3559 Knesu,
532 3475 620 3544 etde
635 3477 763 3563 piscina
779 3477 899 3544 lliroth
914 3477 955 3542 de
970 3476 1084 3544 eodem
1098 3475 1171 3543 loco
1179 3523 1189 3560 ‚
1206 3481 1239 3540 et
1254 3473 1295 3540 de
1309 3473 1426 3560 Baths,

314 3589 346 3650 et
361 3581 401 3649 de
416 3583 578 3670 Budrngh‚
595 3591 628 3653 et
644 3585 685 3652 de
700 3585 942 3672 piscacionibus
958 3587 999 3654 de
1014 3583 1112 3670 Sala,
1131 3584 1301 3651 restituere
1316 3581 1426 3650 curaui

294 3698 346 3776 ,et
361 3692 581 3777 superaddere
596 3693 640 3760 ad
655 3713 801 3762 mensam
817 3696 975 3764 dictorum
990 3695 1124 3763 fratrum
1138 3693 1286 3760 redditus
1295 3693 1336 3760 de
1346 3691 1444 3760 Sala·

313 3799 354 3867 dc
371 3797 623 3884 quinqueviris,
640 3800 682 3868 de
697 3801 835 3890 tributis,
853 3804 893 3872 de
908 3803 1043 3872 decimis
1060 3821 1131 3871 cum
1146 3801 1292 3870 omnibus
1305 3819 1426 3888 appeu-

312 3904 407 3975 dieiis
433 3907 500 3976 suis
511 3958 521 3994 ‚
546 3907 697 3978 similiter
720 3917 753 3978 et
777 3910 817 3980 de
838 3911 960 4000 prediis
985 3913 1075 4000 Fysu
1093 3917 1126 3980 et
1141 3912 1182 3979 de
1197 3911 1338 3979 ecclesia
1354 3929 1424 3978 cum

313 4017 461 4084 omnibus
477 4016 681 4104 appendiciis
696 4019 773 4106 suis,
789 4027 823 4089 vt
839 4021 880 4091 de
895 4029 1002 4090 cetero
1012 4021 1324 4090 nullisuccessorum
1339 4037 1424 4086 meo-

311 4141 381 4192 rum
405 4124 457 4192 las
481 4126 525 4192 sit
548 4125 601 4194 rel
616 4129 755 4196 audacia
768 4131 957 4199 retrahendi
971 4129 1013 4199 de
1027 4131 1098 4218 his,
1124 4149 1186 4215 que
1210 4129 1254 4198 ad
1277 4147 1424 4198 mensam

313 4229 445 4300 drauum
461 4235 514 4301 rel
530 4239 793 4306 sustentationem
808 4237 1003 4308 infirmorum
1020 4245 1091 4308 edm
1107 4259 1267 4309 consensu
1283 4241 1423 4310 omnium

312 4337 447 4408 fratrum
471 4353 504 4410 et
525 4342 667 4413 fidelium
678 4345 899 4435 jobagionum,
924 4355 957 4418 ct
978 4351 1120 4419 maxime
1135 4369 1177 4419 ex
1193 4367 1356 4420 musanen
1368 4353 1422 4420 do·

312 4449 391 4514 miui
415 4451 478 4516 mei
502 4451 641 4520 Illustris
664 4453 764 4539 Regis
790 4455 920 4524 Aurium
944 4477 985 4524 ex
1009 4456 1153 4543 antiquis
1177 4466 1211 4527 ct
1234 4460 1329 4527 nouis
1343 4461 1423 4530 meis

312 4555 509 4636 temporibus
525 4561 692 4645 acquisitis
709 4562 861 4631 stabiliri.
892 4566 1047 4636 Preterea
1069 4565 1214 4639 similiter
1229 4567 1274 4636 ad
1287 4568 1421 4662 lmniua·

313 4660 365 4730 ria
380 4665 563 4733 monasterii
585 4673 653 4734 tarn
677 4687 736 4758 per
760 4676 887 4740 noctem
911 4693 1008 4760 quam
1032 4693 1091 4762 per
1114 4663 1200 4746 diem
1215 4677 1258 4744 ad
1273 4673 1421 4746 decorem
