<?xml version="1.0" encoding="UTF-8"?>
<!DOCTYPE html PUBLIC "-//W3C//DTD XHTML 1.0 Transitional//EN"
    "http://www.w3.org/TR/xhtml1/DTD/xhtml1-transitional.dtd">
<html xmlns="http://www.w3.org/1999/xhtml" xml:lang="en" lang="en">
 <head>
  <title>
</title>
<meta http-equiv="Content-Type" content="text/html;charset=utf-8" />
  <meta name='ocr-system' content='tesseract 3.04.00' />
  <meta name='ocr-capabilities' content='ocr_page ocr_carea ocr_par ocr_line ocrx_word'/>
</head>
<body>
  <div class='ocr_page' id='page_1' title='image "./codexdiplomatic20wenzgoog_0313.png"; bbox 0 0 3222 5054; ppageno 0'>
   <div class='ocr_carea' id='block_1_1' title="bbox 791 359 938 466">
    <p class='ocr_par' dir='ltr' id='par_1_1' title="bbox 791 359 938 466">
     <span class='ocr_line' id='line_1_1' title="bbox 791 359 938 466; baseline 0 -40"><span class='ocrx_word' id='word_1_1' title='bbox 791 359 938 466; x_wconf 56' lang='lat' dir='ltr'><strong>jao</strong></span> 
     </span>
    </p>
   </div>
   <div class='ocr_carea' id='block_1_2' title="bbox 303 553 1437 4210">
    <p class='ocr_par' dir='ltr' id='par_1_2' title="bbox 303 553 1428 750">
     <span class='ocr_line' id='line_1_2' title="bbox 303 553 1428 640; baseline 0 -18"><span class='ocrx_word' id='word_1_2' title='bbox 303 555 347 623; x_wconf 92' lang='lat' dir='ltr'><strong>ad</strong></span> <span class='ocrx_word' id='word_1_3' title='bbox 362 556 496 622; x_wconf 89' lang='lat' dir='ltr'><strong>uerbum</strong></span> <span class='ocrx_word' id='word_1_4' title='bbox 511 559 621 624; x_wconf 88' lang='lat' dir='ltr'><strong>nostre</strong></span> <span class='ocrx_word' id='word_1_5' title='bbox 637 553 758 640; x_wconf 78' lang='lat' dir='ltr'><strong>pagine</strong></span> <span class='ocrx_word' id='word_1_6' title='bbox 775 559 947 621; x_wconf 76' lang='lat' dir='ltr'><strong>annotaret</strong></span> <span class='ocrx_word' id='word_1_7' title='bbox 972 560 1005 622; x_wconf 90' lang='lat' dir='ltr'><strong>et</strong></span> <span class='ocrx_word' id='word_1_8' title='bbox 1029 553 1124 622; x_wconf 92' lang='lat' dir='ltr'><strong>nobis</strong></span> <span class='ocrx_word' id='word_1_9' title='bbox 1149 553 1291 622; x_wconf 88' lang='lat' dir='ltr'><strong>fideliter</strong></span> <span class='ocrx_word' id='word_1_10' title='bbox 1314 557 1428 624; x_wconf 88' lang='lat' dir='ltr'><strong>rescri-</strong></span> 
     </span>
     <span class='ocr_line' id='line_1_3' title="bbox 304 662 1009 750; baseline 0 -20"><span class='ocrx_word' id='word_1_11' title='bbox 304 669 380 750; x_wconf 86' lang='lat' dir='ltr'><strong>ptas</strong></span> <span class='ocrx_word' id='word_1_12' title='bbox 395 667 569 750; x_wconf 80' lang='lat' dir='ltr'><strong>oporteret.</strong></span> <span class='ocrx_word' id='word_1_13' title='bbox 587 662 730 741; x_wconf 81' lang='lat' dir='ltr'><strong>Quarum</strong></span> <span class='ocrx_word' id='word_1_14' title='bbox 747 669 842 730; x_wconf 88' lang='lat' dir='ltr'><strong>tenor</strong></span> <span class='ocrx_word' id='word_1_15' title='bbox 858 663 935 732; x_wconf 91' lang='lat' dir='ltr'><strong>talis</strong></span> <span class='ocrx_word' id='word_1_16' title='bbox 948 669 1009 732; x_wconf 86' lang='lat' dir='ltr'><strong>est.</strong></span> 
     </span>
    </p>

    <p class='ocr_par' dir='ltr' id='par_1_3' title="bbox 304 770 1437 4210">
     <span class='ocr_line' id='line_1_4' title="bbox 410 770 1429 861; baseline 0.002 -24"><span class='ocrx_word' id='word_1_17' title='bbox 410 770 489 837; x_wconf 77' lang='lat' dir='ltr'><strong>Cum</strong></span> <span class='ocrx_word' id='word_1_18' title='bbox 515 771 586 855; x_wconf 74' lang='lat' dir='ltr'><strong>ugo</strong></span> <span class='ocrx_word' id='word_1_19' title='bbox 610 771 767 838; x_wconf 88' lang='lat' dir='ltr'><strong>Nicolaus</strong></span> <span class='ocrx_word' id='word_1_20' title='bbox 794 771 964 840; x_wconf 88' lang='lat' dir='ltr'><strong>Palatinus</strong></span> <span class='ocrx_word' id='word_1_21' title='bbox 981 779 1013 841; x_wconf 94' lang='lat' dir='ltr'><strong>et</strong></span> <span class='ocrx_word' id='word_1_22' title='bbox 1030 772 1147 840; x_wconf 83' lang='lat' dir='ltr'><strong>Comes</strong></span> <span class='ocrx_word' id='word_1_23' title='bbox 1163 771 1205 838; x_wconf 92' lang='lat' dir='ltr'><strong>de</strong></span> <span class='ocrx_word' id='word_1_24' title='bbox 1220 772 1349 861; x_wconf 89' lang='lat' dir='ltr'><strong>Suprun</strong></span> <span class='ocrx_word' id='word_1_25' title='bbox 1365 771 1429 839; x_wconf 92' lang='lat' dir='ltr'><strong>dis-</strong></span> 
     </span>
     <span class='ocr_line' id='line_1_5' title="bbox 304 869 1431 966; baseline 0 -20"><span class='ocrx_word' id='word_1_26' title='bbox 304 879 480 946; x_wconf 89' lang='lat' dir='ltr'><strong>cussissem</strong></span> <span class='ocrx_word' id='word_1_27' title='bbox 507 898 640 945; x_wconf 89' lang='lat' dir='ltr'><strong>causam</strong></span> <span class='ocrx_word' id='word_1_28' title='bbox 665 869 784 966; x_wconf 79' lang='lat' dir='ltr'><strong>V(rie)&#39;</strong></span> <span class='ocrx_word' id='word_1_29' title='bbox 802 879 943 948; x_wconf 83' lang='lat' dir='ltr'><strong>Abbatis</strong></span> <span class='ocrx_word' id='word_1_30' title='bbox 970 881 1082 948; x_wconf 88' lang='lat' dir='ltr'><strong>Sancti</strong></span> <span class='ocrx_word' id='word_1_31' title='bbox 1098 880 1230 946; x_wconf 82' lang='lat' dir='ltr'><strong>Martini</strong></span> <span class='ocrx_word' id='word_1_32' title='bbox 1245 887 1276 947; x_wconf 88' lang='lat' dir='ltr'><strong>et</strong></span> <span class='ocrx_word' id='word_1_33' title='bbox 1293 881 1431 947; x_wconf 83' lang='lat' dir='ltr'><strong>fratrum</strong></span> 
     </span>
     <span class='ocr_line' id='line_1_6' title="bbox 304 987 1430 1075; baseline 0 -19"><span class='ocrx_word' id='word_1_34' title='bbox 304 1008 435 1056; x_wconf 90' lang='lat' dir='ltr'><strong>suorum</strong></span> <span class='ocrx_word' id='word_1_35' title='bbox 459 1005 531 1053; x_wconf 91' lang='lat' dir='ltr'><strong>oum</strong></span> <span class='ocrx_word' id='word_1_36' title='bbox 557 987 746 1060; x_wconf 81' lang='lat' dir='ltr'><strong>uduornicis</strong></span> <span class='ocrx_word' id='word_1_37' title='bbox 767 988 880 1073; x_wconf 85' lang='lat' dir='ltr'><strong>Regiis</strong></span> <span class='ocrx_word' id='word_1_38' title='bbox 903 987 1153 1075; x_wconf 82' lang='lat' dir='ltr'><strong>Simigiensibus</strong></span> <span class='ocrx_word' id='word_1_39' title='bbox 1170 1009 1267 1074; x_wconf 90' lang='lat' dir='ltr'><strong>super</strong></span> <span class='ocrx_word' id='word_1_40' title='bbox 1283 1009 1348 1056; x_wconf 93' lang='lat' dir='ltr'><strong>uno</strong></span> <span class='ocrx_word' id='word_1_41' title='bbox 1364 1009 1430 1056; x_wconf 93' lang='lat' dir='ltr'><strong>mo·</strong></span> 
     </span>
     <span class='ocr_line' id='line_1_7' title="bbox 304 1093 1430 1182; baseline 0.001 -19"><span class='ocrx_word' id='word_1_42' title='bbox 304 1096 436 1164; x_wconf 92' lang='lat' dir='ltr'><strong>lendino</strong></span> <span class='ocrx_word' id='word_1_43' title='bbox 454 1103 486 1162; x_wconf 91' lang='lat' dir='ltr'><strong>et</strong></span> <span class='ocrx_word' id='word_1_44' title='bbox 502 1102 590 1162; x_wconf 88' lang='lat' dir='ltr'><strong>terra</strong></span> <span class='ocrx_word' id='word_1_45' title='bbox 605 1113 704 1182; x_wconf 89' lang='lat' dir='ltr'><strong>super</strong></span> <span class='ocrx_word' id='word_1_46' title='bbox 720 1096 904 1181; x_wconf 89' lang='lat' dir='ltr'><strong>adiacenti‚</strong></span> <span class='ocrx_word' id='word_1_47' title='bbox 928 1093 966 1164; x_wconf 70' lang='lat' dir='ltr'><strong>et&#39;</strong></span> <span class='ocrx_word' id='word_1_48' title='bbox 979 1097 1042 1182; x_wconf 91' lang='lat' dir='ltr'><strong>ipsi</strong></span> <span class='ocrx_word' id='word_1_49' title='bbox 1057 1095 1180 1164; x_wconf 80' lang='lat' dir='ltr'><strong>Abbati</strong></span> <span class='ocrx_word' id='word_1_50' title='bbox 1196 1115 1266 1163; x_wconf 93' lang='lat' dir='ltr'><strong>cum</strong></span> <span class='ocrx_word' id='word_1_51' title='bbox 1282 1096 1430 1181; x_wconf 85' lang='lat' dir='ltr'><strong>testibus,</strong></span> 
     </span>
     <span class='ocr_line' id='line_1_8' title="bbox 304 1203 1429 1290; baseline 0 -18"><span class='ocrx_word' id='word_1_52' title='bbox 304 1203 455 1272; x_wconf 86' lang='lat' dir='ltr'><strong>Johanne</strong></span> <span class='ocrx_word' id='word_1_53' title='bbox 470 1205 597 1272; x_wconf 89' lang='lat' dir='ltr'><strong>scilicet</strong></span> <span class='ocrx_word' id='word_1_54' title='bbox 611 1205 740 1270; x_wconf 83' lang='lat' dir='ltr'><strong>Abbate</strong></span> <span class='ocrx_word' id='word_1_55' title='bbox 765 1203 970 1290; x_wconf 76' lang='lat' dir='ltr'><strong>Tyhonieosi</strong></span> <span class='ocrx_word' id='word_1_56' title='bbox 995 1212 1029 1270; x_wconf 89' lang='lat' dir='ltr'><strong>et</strong></span> <span class='ocrx_word' id='word_1_57' title='bbox 1052 1205 1186 1290; x_wconf 71' lang='lat' dir='ltr'><strong>Bossia,</strong></span> <span class='ocrx_word' id='word_1_58' title='bbox 1212 1205 1429 1272; x_wconf 90' lang='lat' dir='ltr'><strong>iuramentum</strong></span> 
     </span>
     <span class='ocr_line' id='line_1_9' title="bbox 304 1311 1430 1398; baseline 0.002 -20"><span class='ocrx_word' id='word_1_59' title='bbox 304 1321 453 1398; x_wconf 81' lang='lat' dir='ltr'><strong>prestare</strong></span> <span class='ocrx_word' id='word_1_60' title='bbox 469 1313 753 1380; x_wconf 89' lang='lat' dir='ltr'><strong>adiudicassemus</strong></span> <span class='ocrx_word' id='word_1_61' title='bbox 762 1359 772 1394; x_wconf 89' lang='lat'><em>,</em></span> <span class='ocrx_word' id='word_1_62' title='bbox 789 1313 861 1397; x_wconf 93' lang='lat' dir='ltr'><strong>ipso</strong></span> <span class='ocrx_word' id='word_1_63' title='bbox 879 1311 932 1379; x_wconf 91' lang='lat' dir='ltr'><strong>dic</strong></span> <span class='ocrx_word' id='word_1_64' title='bbox 948 1313 1120 1380; x_wconf 86' lang='lat' dir='ltr'><strong>iuramenti</strong></span> <span class='ocrx_word' id='word_1_65' title='bbox 1135 1313 1249 1382; x_wconf 83' lang='lat' dir='ltr'><strong>Abbas</strong></span> <span class='ocrx_word' id='word_1_66' title='bbox 1266 1323 1300 1378; x_wconf 87' lang='lat' dir='ltr'><strong>et</strong></span> <span class='ocrx_word' id='word_1_67' title='bbox 1314 1313 1430 1380; x_wconf 93' lang='lat' dir='ltr'><strong>uduor-</strong></span> 
     </span>
     <span class='ocr_line' id='line_1_10' title="bbox 305 1411 1431 1490; baseline 0.002 -2"><span class='ocrx_word' id='word_1_68' title='bbox 305 1423 371 1490; x_wconf 90' lang='lat' dir='ltr'><strong>nioi</strong></span> <span class='ocrx_word' id='word_1_69' title='bbox 386 1429 602 1488; x_wconf 87' lang='lat' dir='ltr'><strong>conuenerunt</strong></span> <span class='ocrx_word' id='word_1_70' title='bbox 618 1421 677 1486; x_wconf 88' lang='lat' dir='ltr'><strong>tali</strong></span> <span class='ocrx_word' id='word_1_71' title='bbox 698 1411 878 1488; x_wconf 86' lang='lat' dir='ltr'><strong>modo:&#39;ut</strong></span> <span class='ocrx_word' id='word_1_72' title='bbox 903 1421 989 1488; x_wconf 90' lang='lat' dir='ltr'><strong>idem</strong></span> <span class='ocrx_word' id='word_1_73' title='bbox 1015 1421 1128 1488; x_wconf 87' lang='lat' dir='ltr'><strong>Abbas</strong></span> <span class='ocrx_word' id='word_1_74' title='bbox 1154 1421 1217 1488; x_wconf 91' lang='lat' dir='ltr'><strong>duo</strong></span> <span class='ocrx_word' id='word_1_75' title='bbox 1242 1421 1431 1490; x_wconf 87' lang='lat' dir='ltr'><strong>molendina</strong></span> 
     </span>
     <span class='ocr_line' id='line_1_11' title="bbox 306 1528 1430 1616; baseline 0 -18"><span class='ocrx_word' id='word_1_76' title='bbox 306 1531 446 1598; x_wconf 79' lang='lat' dir='ltr'>ecclesie</span> <span class='ocrx_word' id='word_1_77' title='bbox 462 1530 556 1597; x_wconf 87' lang='lat' dir='ltr'><strong>daret</strong></span> <span class='ocrx_word' id='word_1_78' title='bbox 572 1529 757 1596; x_wconf 90' lang='lat' dir='ltr'><strong>uduornicis</strong></span> <span class='ocrx_word' id='word_1_79' title='bbox 773 1530 890 1614; x_wconf 82' lang='lat' dir='ltr'><strong>Regis;</strong></span> <span class='ocrx_word' id='word_1_80' title='bbox 910 1549 1007 1596; x_wconf 92' lang='lat' dir='ltr'><strong>unum</strong></span> <span class='ocrx_word' id='word_1_81' title='bbox 1023 1529 1110 1613; x_wconf 89' lang='lat' dir='ltr'><strong>quod</strong></span> <span class='ocrx_word' id='word_1_82' title='bbox 1126 1536 1198 1596; x_wconf 92' lang='lat' dir='ltr'><strong>erat</strong></span> <span class='ocrx_word' id='word_1_83' title='bbox 1213 1528 1430 1616; x_wconf 90' lang='lat' dir='ltr'><strong>superDuna·</strong></span> 
     </span>
     <span class='ocr_line' id='line_1_12' title="bbox 306 1636 1431 1722; baseline -0.002 -14"><span class='ocrx_word' id='word_1_84' title='bbox 306 1658 429 1718; x_wconf 82' lang='lat' dir='ltr'><strong>norma,</strong></span> <span class='ocrx_word' id='word_1_85' title='bbox 445 1638 535 1704; x_wconf 88' lang='lat' dir='ltr'><strong>ouius</strong></span> <span class='ocrx_word' id='word_1_86' title='bbox 550 1639 654 1706; x_wconf 88' lang='lat' dir='ltr'><strong>cultor</strong></span> <span class='ocrx_word' id='word_1_87' title='bbox 670 1638 731 1704; x_wconf 86' lang='lat' dir='ltr'><strong>luit</strong></span> <span class='ocrx_word' id='word_1_88' title='bbox 746 1637 868 1722; x_wconf 78' lang='lat' dir='ltr'><strong>Vbios,</strong></span> <span class='ocrx_word' id='word_1_89' title='bbox 892 1637 980 1706; x_wconf 90' lang='lat' dir='ltr'><strong>aliud</strong></span> <span class='ocrx_word' id='word_1_90' title='bbox 997 1636 1084 1720; x_wconf 90' lang='lat' dir='ltr'><strong>qnod</strong></span> <span class='ocrx_word' id='word_1_91' title='bbox 1100 1643 1151 1704; x_wconf 90' lang='lat' dir='ltr'><strong>est</strong></span> <span class='ocrx_word' id='word_1_92' title='bbox 1167 1639 1228 1705; x_wconf 92' lang='lat' dir='ltr'><strong>snb</strong></span> <span class='ocrx_word' id='word_1_93' title='bbox 1246 1639 1431 1706; x_wconf 87' lang='lat' dir='ltr'><strong>molendino</strong></span> 
     </span>
     <span class='ocr_line' id='line_1_13' title="bbox 305 1745 1432 1832; baseline -0.005 -16"><span class='ocrx_word' id='word_1_94' title='bbox 305 1747 446 1816; x_wconf 84' lang='lat' dir='ltr'><strong>Abbatis</strong></span> <span class='ocrx_word' id='word_1_95' title='bbox 462 1745 503 1815; x_wconf 92' lang='lat' dir='ltr'><strong>de</strong></span> <span class='ocrx_word' id='word_1_96' title='bbox 518 1747 613 1814; x_wconf 88' lang='lat' dir='ltr'><strong>Libin</strong></span> <span class='ocrx_word' id='word_1_97' title='bbox 629 1766 700 1814; x_wconf 88' lang='lat' dir='ltr'><strong>oum</strong></span> <span class='ocrx_word' id='word_1_98' title='bbox 716 1746 810 1814; x_wconf 85' lang='lat' dir='ltr'><strong>terris</strong></span> <span class='ocrx_word' id='word_1_99' title='bbox 827 1765 957 1831; x_wconf 88' lang='lat' dir='ltr'><strong>eorum;</strong></span> <span class='ocrx_word' id='word_1_100' title='bbox 984 1755 1017 1813; x_wconf 87' lang='lat' dir='ltr'><strong>et</strong></span> <span class='ocrx_word' id='word_1_101' title='bbox 1041 1747 1113 1832; x_wconf 90' lang='lat' dir='ltr'><strong>ipse</strong></span> <span class='ocrx_word' id='word_1_102' title='bbox 1139 1747 1252 1813; x_wconf 86' lang='lat' dir='ltr'><strong>Abbas</strong></span> <span class='ocrx_word' id='word_1_103' title='bbox 1271 1747 1432 1831; x_wconf 86' lang='lat' dir='ltr'><strong>reciperet</strong></span> 
     </span>
     <span class='ocr_line' id='line_1_14' title="bbox 306 1854 1433 1941; baseline 0.002 -21"><span class='ocrx_word' id='word_1_104' title='bbox 306 1856 349 1923; x_wconf 92' lang='lat' dir='ltr'><strong>ab</strong></span> <span class='ocrx_word' id='word_1_105' title='bbox 365 1856 550 1922; x_wconf 86' lang='lat' dir='ltr'><strong>uduornicis</strong></span> <span class='ocrx_word' id='word_1_106' title='bbox 565 1856 677 1940; x_wconf 85' lang='lat' dir='ltr'><strong>Regiis</strong></span> <span class='ocrx_word' id='word_1_107' title='bbox 688 1855 751 1922; x_wconf 91' lang='lat' dir='ltr'><strong>duo</strong></span> <span class='ocrx_word' id='word_1_108' title='bbox 761 1854 958 1938; x_wconf 89' lang='lat' dir='ltr'><strong>molendina,</strong></span> <span class='ocrx_word' id='word_1_109' title='bbox 970 1875 1065 1922; x_wconf 90' lang='lat' dir='ltr'><strong>unum</strong></span> <span class='ocrx_word' id='word_1_110' title='bbox 1078 1855 1433 1941; x_wconf 85' lang='lat' dir='ltr'><strong>quodtenebatKewe,</strong></span> 
     </span>
     <span class='ocr_line' id='line_1_15' title="bbox 307 1962 1432 2048; baseline -0.002 -18"><span class='ocrx_word' id='word_1_111' title='bbox 307 1963 395 2048; x_wconf 89' lang='lat' dir='ltr'><strong>quod</strong></span> <span class='ocrx_word' id='word_1_112' title='bbox 410 1971 461 2030; x_wconf 88' lang='lat' dir='ltr'><strong>est</strong></span> <span class='ocrx_word' id='word_1_113' title='bbox 476 1965 536 2030; x_wconf 88' lang='lat' dir='ltr'><strong>sub</strong></span> <span class='ocrx_word' id='word_1_114' title='bbox 553 1963 736 2031; x_wconf 90' lang='lat' dir='ltr'><strong>molendino</strong></span> <span class='ocrx_word' id='word_1_115' title='bbox 752 1963 834 2030; x_wconf 88' lang='lat' dir='ltr'><strong>Bors</strong></span> <span class='ocrx_word' id='word_1_116' title='bbox 843 2013 853 2047; x_wconf 86' lang='lat'>‚</span> <span class='ocrx_word' id='word_1_117' title='bbox 880 1963 972 2028; x_wconf 93' lang='lat' dir='ltr'><strong>aliud</strong></span> <span class='ocrx_word' id='word_1_118' title='bbox 996 1963 1083 2046; x_wconf 90' lang='lat' dir='ltr'><strong>quod</strong></span> <span class='ocrx_word' id='word_1_119' title='bbox 1099 1964 1235 2032; x_wconf 89' lang='lat' dir='ltr'><strong>tenebat</strong></span> <span class='ocrx_word' id='word_1_120' title='bbox 1250 1962 1432 2047; x_wconf 80' lang='lat' dir='ltr'><strong>Caraohnn,</strong></span> 
     </span>
     <span class='ocr_line' id='line_1_16' title="bbox 307 2069 1432 2157; baseline -0.003 -19"><span class='ocrx_word' id='word_1_121' title='bbox 307 2070 394 2157; x_wconf 90' lang='lat' dir='ltr'><strong>quod</strong></span> <span class='ocrx_word' id='word_1_122' title='bbox 410 2078 459 2138; x_wconf 90' lang='lat' dir='ltr'><strong>est</strong></span> <span class='ocrx_word' id='word_1_123' title='bbox 475 2073 559 2138; x_wconf 89' lang='lat' dir='ltr'><strong>inter</strong></span> <span class='ocrx_word' id='word_1_124' title='bbox 573 2070 759 2138; x_wconf 90' lang='lat' dir='ltr'><strong>molendina</strong></span> <span class='ocrx_word' id='word_1_125' title='bbox 775 2070 887 2137; x_wconf 77' lang='lat' dir='ltr'><strong>Sancti</strong></span> <span class='ocrx_word' id='word_1_126' title='bbox 904 2069 1057 2154; x_wconf 87' lang='lat' dir='ltr'><strong>Martini,</strong></span> <span class='ocrx_word' id='word_1_127' title='bbox 1085 2079 1117 2136; x_wconf 93' lang='lat' dir='ltr'><strong>et</strong></span> <span class='ocrx_word' id='word_1_128' title='bbox 1141 2071 1238 2138; x_wconf 88' lang='lat' dir='ltr'><strong>istam</strong></span> <span class='ocrx_word' id='word_1_129' title='bbox 1259 2077 1432 2137; x_wconf 89' lang='lat' dir='ltr'><strong>commuta-</strong></span> 
     </span>
     <span class='ocr_line' id='line_1_17' title="bbox 309 2177 1433 2264; baseline 0 -19"><span class='ocrx_word' id='word_1_130' title='bbox 309 2182 434 2247; x_wconf 90' lang='lat' dir='ltr'><strong>cionem</strong></span> <span class='ocrx_word' id='word_1_131' title='bbox 449 2179 595 2246; x_wconf 83' lang='lat' dir='ltr'><strong>fecerunt</strong></span> <span class='ocrx_word' id='word_1_132' title='bbox 610 2197 724 2244; x_wconf 90' lang='lat' dir='ltr'><strong>omnes</strong></span> <span class='ocrx_word' id='word_1_133' title='bbox 744 2177 934 2262; x_wconf 83' lang='lat' dir='ltr'><strong>iobagiones</strong></span> <span class='ocrx_word' id='word_1_134' title='bbox 960 2178 1210 2246; x_wconf 80' lang='lat' dir='ltr'><strong>uduornicorum</strong></span> <span class='ocrx_word' id='word_1_135' title='bbox 1226 2179 1268 2247; x_wconf 90' lang='lat' dir='ltr'><strong>de</strong></span> <span class='ocrx_word' id='word_1_136' title='bbox 1285 2178 1433 2264; x_wconf 82' lang='lat' dir='ltr'><strong>Simigio,</strong></span> 
     </span>
     <span class='ocr_line' id='line_1_18' title="bbox 308 2285 1433 2372; baseline 0 -20"><span class='ocrx_word' id='word_1_137' title='bbox 308 2287 478 2372; x_wconf 88' lang='lat' dir='ltr'><strong>prestaldo</strong></span> <span class='ocrx_word' id='word_1_138' title='bbox 494 2285 660 2352; x_wconf 85' lang='lat' dir='ltr'><strong>mediante</strong></span> <span class='ocrx_word' id='word_1_139' title='bbox 676 2285 819 2352; x_wconf 81' lang='lat' dir='ltr'><strong>Palatini</strong></span> <span class='ocrx_word' id='word_1_140' title='bbox 836 2287 996 2353; x_wconf 91' lang='lat' dir='ltr'><strong>Budmero</strong></span> <span class='ocrx_word' id='word_1_141' title='bbox 1020 2287 1271 2353; x_wconf 90' lang='lat' dir='ltr'><strong>contubernario</strong></span> <span class='ocrx_word' id='word_1_142' title='bbox 1288 2286 1433 2352; x_wconf 84' lang='lat' dir='ltr'><strong>eiusdem</strong></span> 
     </span>
     <span class='ocr_line' id='line_1_19' title="bbox 309 2392 1434 2481; baseline 0 -23"><span class='ocrx_word' id='word_1_143' title='bbox 309 2393 452 2460; x_wconf 88' lang='lat' dir='ltr'><strong>Palatini</strong></span> <span class='ocrx_word' id='word_1_144' title='bbox 477 2394 519 2460; x_wconf 91' lang='lat' dir='ltr'><strong>de</strong></span> <span class='ocrx_word' id='word_1_145' title='bbox 544 2413 663 2478; x_wconf 81' lang='lat' dir='ltr'><strong>genere</strong></span> <span class='ocrx_word' id='word_1_146' title='bbox 678 2392 821 2460; x_wconf 88' lang='lat' dir='ltr'><strong>Budmer</strong></span> <span class='ocrx_word' id='word_1_147' title='bbox 830 2446 839 2481; x_wconf 85' lang='lat'><em>,</em></span> <span class='ocrx_word' id='word_1_148' title='bbox 857 2395 1017 2480; x_wconf 79' lang='lat' dir='ltr'><strong>Gregorio</strong></span> <span class='ocrx_word' id='word_1_149' title='bbox 1033 2396 1169 2462; x_wconf 89' lang='lat' dir='ltr'><strong>Dccano</strong></span> <span class='ocrx_word' id='word_1_150' title='bbox 1185 2395 1434 2481; x_wconf 87' lang='lat' dir='ltr'><strong>Wesprimiensi</strong></span> 
     </span>
     <span class='ocr_line' id='line_1_20' title="bbox 309 2499 1433 2588; baseline 0.001 -21"><span class='ocrx_word' id='word_1_151' title='bbox 309 2506 342 2568; x_wconf 90' lang='lat' dir='ltr'><strong>ct</strong></span> <span class='ocrx_word' id='word_1_152' title='bbox 358 2499 487 2585; x_wconf 87' lang='lat' dir='ltr'><strong>Ypolito</strong></span> <span class='ocrx_word' id='word_1_153' title='bbox 503 2519 658 2584; x_wconf 85' lang='lat' dir='ltr'><strong>germano</strong></span> <span class='ocrx_word' id='word_1_154' title='bbox 678 2501 781 2587; x_wconf 78' lang='lat' dir='ltr'><strong>Bors3</strong></span> <span class='ocrx_word' id='word_1_155' title='bbox 808 2500 1015 2588; x_wconf 79' lang='lat' dir='ltr'><strong>presentibus</strong></span> <span class='ocrx_word' id='word_1_156' title='bbox 1032 2510 1065 2571; x_wconf 90' lang='lat' dir='ltr'><strong>et</strong></span> <span class='ocrx_word' id='word_1_157' title='bbox 1081 2503 1189 2569; x_wconf 91' lang='lat' dir='ltr'><strong>multis</strong></span> <span class='ocrx_word' id='word_1_158' title='bbox 1205 2502 1279 2568; x_wconf 91' lang='lat' dir='ltr'><strong>aliis</strong></span> <span class='ocrx_word' id='word_1_159' title='bbox 1295 2501 1433 2588; x_wconf 75' lang='lat' dir='ltr'><strong>ydoneis</strong></span> 
     </span>
     <span class='ocr_line' id='line_1_21' title="bbox 308 2607 1434 2686; baseline 0 -12"><span class='ocrx_word' id='word_1_160' title='bbox 308 2607 425 2675; x_wconf 88' lang='lat' dir='ltr'><strong>uicinis</strong></span> <span class='ocrx_word' id='word_1_161' title='bbox 442 2608 758 2676; x_wconf 85' lang='lat' dir='ltr'><strong>circumiacentibus.</strong></span> <span class='ocrx_word' id='word_1_162' title='bbox 769 2609 894 2676; x_wconf 80' lang='lat' dir='ltr'><strong>Taliter</strong></span> <span class='ocrx_word' id='word_1_163' title='bbox 910 2612 1014 2676; x_wconf 91' lang='lat' dir='ltr'><strong>eciam</strong></span> <span class='ocrx_word' id='word_1_164' title='bbox 1032 2617 1262 2686; x_wconf 73' lang='lat' dir='ltr'><strong>conuenerunt,</strong></span> <span class='ocrx_word' id='word_1_165' title='bbox 1278 2617 1314 2674; x_wconf 89' lang='grc' dir='ltr'><strong>ιιι</strong></span> <span class='ocrx_word' id='word_1_166' title='bbox 1328 2609 1361 2675; x_wconf 86' lang='grc' dir='ltr'><strong>ΙΙ</strong></span> <span class='ocrx_word' id='word_1_167' title='bbox 1377 2609 1434 2674; x_wconf 89' lang='lat' dir='ltr'><strong>da·</strong></span> 
     </span>
     <span class='ocr_line' id='line_1_22' title="bbox 308 2717 1436 2804; baseline -0.002 -20"><span class='ocrx_word' id='word_1_168' title='bbox 308 2725 419 2784; x_wconf 90' lang='lat' dir='ltr'><strong>rentur</strong></span> <span class='ocrx_word' id='word_1_169' title='bbox 433 2717 621 2783; x_wconf 88' lang='lat' dir='ltr'><strong>molendina</strong></span> <span class='ocrx_word' id='word_1_170' title='bbox 638 2739 711 2785; x_wconf 87' lang='lat' dir='ltr'><strong>cunr</strong></span> <span class='ocrx_word' id='word_1_171' title='bbox 732 2720 880 2785; x_wconf 92' lang='lat' dir='ltr'><strong>omnibus</strong></span> <span class='ocrx_word' id='word_1_172' title='bbox 895 2719 1106 2804; x_wconf 80' lang='lat' dir='ltr'><strong>pertinenciis</strong></span> <span class='ocrx_word' id='word_1_173' title='bbox 1122 2719 1200 2802; x_wconf 91' lang='lat' dir='ltr'><strong>suis,</strong></span> <span class='ocrx_word' id='word_1_174' title='bbox 1211 2723 1299 2786; x_wconf 88' lang='lat' dir='ltr'><strong>terra</strong></span> <span class='ocrx_word' id='word_1_175' title='bbox 1310 2717 1436 2784; x_wconf 89' lang='lat' dir='ltr'><strong>scilicet</strong></span> 
     </span>
     <span class='ocr_line' id='line_1_23' title="bbox 310 2823 1435 2912; baseline -0.004 -18"><span class='ocrx_word' id='word_1_176' title='bbox 310 2845 410 2912; x_wconf 91' lang='lat' dir='ltr'><strong>supra</strong></span> <span class='ocrx_word' id='word_1_177' title='bbox 434 2825 621 2900; x_wconf 85' lang='lat' dir='ltr'><strong>molendina</strong></span> <span class='ocrx_word' id='word_1_178' title='bbox 645 2834 678 2890; x_wconf 87' lang='lat' dir='ltr'><strong>et</strong></span> <span class='ocrx_word' id='word_1_179' title='bbox 703 2824 838 2893; x_wconf 86' lang='lat' dir='ltr'><strong>interius</strong></span> <span class='ocrx_word' id='word_1_180' title='bbox 862 2823 981 2892; x_wconf 90' lang='lat' dir='ltr'><strong>c&#39;ircum</strong></span> <span class='ocrx_word' id='word_1_181' title='bbox 997 2826 1162 2895; x_wconf 87' lang='lat' dir='ltr'><strong>adiacenti</strong></span> <span class='ocrx_word' id='word_1_182' title='bbox 1177 2837 1209 2895; x_wconf 90' lang='lat' dir='ltr'><strong>et</strong></span> <span class='ocrx_word' id='word_1_183' title='bbox 1225 2827 1364 2911; x_wconf 86' lang='lat' dir='ltr'><strong>fauetis,</strong></span> <span class='ocrx_word' id='word_1_184' title='bbox 1380 2825 1435 2892; x_wconf 89' lang='lat' dir='ltr'><strong>da-</strong></span> 
     </span>
     <span class='ocr_line' id='line_1_24' title="bbox 308 2931 1436 3018; baseline 0.002 -21"><span class='ocrx_word' id='word_1_185' title='bbox 308 2941 381 2998; x_wconf 86' lang='lat' dir='ltr'><strong>rent</strong></span> <span class='ocrx_word' id='word_1_186' title='bbox 391 2984 400 3018; x_wconf 85' lang='lat'><em>,</em></span> <span class='ocrx_word' id='word_1_187' title='bbox 424 2939 460 2998; x_wconf 90' lang='lat' dir='ltr'><strong>ut</strong></span> <span class='ocrx_word' id='word_1_188' title='bbox 484 2933 644 3016; x_wconf 91' lang='lat' dir='ltr'><strong>quidquid</strong></span> <span class='ocrx_word' id='word_1_189' title='bbox 660 2931 775 2999; x_wconf 87' lang='lat' dir='ltr'><strong>luisset</strong></span> <span class='ocrx_word' id='word_1_190' title='bbox 790 2931 929 3000; x_wconf 85' lang='lat' dir='ltr'><strong>Abbatis</strong></span> <span class='ocrx_word' id='word_1_191' title='bbox 939 2985 949 3018; x_wconf 90' lang='lat'><em>,</em></span> <span class='ocrx_word' id='word_1_192' title='bbox 972 2939 1062 3001; x_wconf 89' lang='lat' dir='ltr'><strong>esset</strong></span> <span class='ocrx_word' id='word_1_193' title='bbox 1077 2933 1119 3002; x_wconf 88' lang='lat' dir='ltr'><strong>de</strong></span> <span class='ocrx_word' id='word_1_194' title='bbox 1136 2942 1244 3002; x_wconf 91' lang='lat' dir='ltr'><strong>cetero</strong></span> <span class='ocrx_word' id='word_1_195' title='bbox 1261 2934 1360 3018; x_wconf 82' lang='lat' dir='ltr'><strong>Regis</strong></span> <span class='ocrx_word' id='word_1_196' title='bbox 1369 2981 1378 3018; x_wconf 86' lang='lat'><em>,</em></span> <span class='ocrx_word' id='word_1_197' title='bbox 1404 2941 1436 2999; x_wconf 89' lang='lat' dir='ltr'><strong>ct</strong></span> 
     </span>
     <span class='ocr_line' id='line_1_25' title="bbox 311 3040 1435 3126; baseline -0.001 -19"><span class='ocrx_word' id='word_1_198' title='bbox 311 3041 466 3126; x_wconf 90' lang='lat' dir='ltr'><strong>quidquid</strong></span> <span class='ocrx_word' id='word_1_199' title='bbox 482 3041 595 3122; x_wconf 81' lang='lat' dir='ltr'><strong>Regis,</strong></span> <span class='ocrx_word' id='word_1_200' title='bbox 612 3047 700 3106; x_wconf 85' lang='lat' dir='ltr'><strong>essct</strong></span> <span class='ocrx_word' id='word_1_201' title='bbox 716 3040 867 3123; x_wconf 84' lang='lat' dir='ltr'><strong>Abbatis,</strong></span> <span class='ocrx_word' id='word_1_202' title='bbox 884 3047 919 3106; x_wconf 91' lang='lat' dir='ltr'><strong>ut</strong></span> <span class='ocrx_word' id='word_1_203' title='bbox 935 3042 977 3107; x_wconf 92' lang='lat' dir='ltr'><strong>de</strong></span> <span class='ocrx_word' id='word_1_204' title='bbox 994 3053 1104 3108; x_wconf 85' lang='lat' dir='ltr'><strong>cetero</strong></span> <span class='ocrx_word' id='word_1_205' title='bbox 1121 3045 1213 3109; x_wconf 90' lang='lat' dir='ltr'><strong>nulla</strong></span> <span class='ocrx_word' id='word_1_206' title='bbox 1229 3043 1270 3109; x_wconf 91' lang='lat' dir='ltr'><strong>lis</strong></span> <span class='ocrx_word' id='word_1_207' title='bbox 1287 3049 1319 3108; x_wconf 89' lang='lat' dir='ltr'><strong>et</strong></span> <span class='ocrx_word' id='word_1_208' title='bbox 1334 3061 1435 3107; x_wconf 86' lang='lat' dir='ltr'><strong>causa</strong></span> 
     </span>
     <span class='ocr_line' id='line_1_26' title="bbox 309 3147 1434 3236; baseline -0.002 -20"><span class='ocrx_word' id='word_1_209' title='bbox 309 3159 456 3218; x_wconf 89' lang='lat' dir='ltr'><strong>maneret</strong></span> <span class='ocrx_word' id='word_1_210' title='bbox 480 3147 564 3214; x_wconf 88' lang='lat' dir='ltr'><strong>inter</strong></span> <span class='ocrx_word' id='word_1_211' title='bbox 588 3151 687 3235; x_wconf 86' lang='lat' dir='ltr'><strong>ipsos.</strong></span> <span class='ocrx_word' id='word_1_212' title='bbox 721 3147 762 3213; x_wconf 90' lang='lat' dir='ltr'><strong>Vt</strong></span> <span class='ocrx_word' id='word_1_213' title='bbox 778 3157 886 3215; x_wconf 89' lang='lat' dir='ltr'><strong>autem</strong></span> <span class='ocrx_word' id='word_1_214' title='bbox 903 3150 981 3216; x_wconf 91' lang='lat' dir='ltr'><strong>talis</strong></span> <span class='ocrx_word' id='word_1_215' title='bbox 997 3152 1148 3236; x_wconf 89' lang='lat' dir='ltr'><strong>pactaoio</strong></span> <span class='ocrx_word' id='word_1_216' title='bbox 1165 3149 1434 3218; x_wconf 85' lang='lat' dir='ltr'><strong>commutacionis</strong></span> 
     </span>
     <span class='ocr_line' id='line_1_27' title="bbox 309 3257 1437 3345; baseline -0.004 -19"><span class='ocrx_word' id='word_1_217' title='bbox 309 3267 466 3344; x_wconf 87' lang='lat' dir='ltr'><strong>perpetue</strong></span> <span class='ocrx_word' id='word_1_218' title='bbox 482 3257 674 3326; x_wconf 87' lang='lat' dir='ltr'><strong>stabilitatis</strong></span> <span class='ocrx_word' id='word_1_219' title='bbox 698 3259 794 3324; x_wconf 89' lang='lat' dir='ltr'><strong>robur</strong></span> <span class='ocrx_word' id='word_1_220' title='bbox 810 3259 967 3344; x_wconf 86' lang='lat' dir='ltr'><strong>optineat,</strong></span> <span class='ocrx_word' id='word_1_221' title='bbox 984 3267 1170 3344; x_wconf 88' lang='lat' dir='ltr'><strong>presentem</strong></span> <span class='ocrx_word' id='word_1_222' title='bbox 1185 3259 1342 3345; x_wconf 86' lang='lat' dir='ltr'><strong>paginam</strong></span> <span class='ocrx_word' id='word_1_223' title='bbox 1359 3257 1437 3325; x_wconf 84' lang='lat' dir='ltr'><strong>leci·</strong></span> 
     </span>
     <span class='ocr_line' id='line_1_28' title="bbox 310 3366 1435 3456; baseline -0.004 -22"><span class='ocrx_word' id='word_1_224' title='bbox 310 3387 382 3434; x_wconf 92' lang='lat' dir='ltr'><strong>mus</strong></span> <span class='ocrx_word' id='word_1_225' title='bbox 398 3367 500 3435; x_wconf 93' lang='lat' dir='ltr'><strong>diuidi</strong></span> <span class='ocrx_word' id='word_1_226' title='bbox 516 3387 575 3453; x_wconf 91' lang='lat' dir='ltr'><strong>per</strong></span> <span class='ocrx_word' id='word_1_227' title='bbox 590 3366 780 3450; x_wconf 85' lang='lat' dir='ltr'><strong>alfabetum,</strong></span> <span class='ocrx_word' id='word_1_228' title='bbox 796 3375 830 3434; x_wconf 90' lang='lat' dir='ltr'><strong>et</strong></span> <span class='ocrx_word' id='word_1_229' title='bbox 847 3375 1159 3456; x_wconf 87' lang='lat' dir='ltr'><strong>utramquepartem</strong></span> <span class='ocrx_word' id='word_1_230' title='bbox 1175 3367 1317 3454; x_wconf 90' lang='lat' dir='ltr'><strong>duplicis</strong></span> <span class='ocrx_word' id='word_1_231' title='bbox 1333 3366 1435 3451; x_wconf 82' lang='lat' dir='ltr'><strong>sigilli</strong></span> 
     </span>
     <span class='ocr_line' id='line_1_29' title="bbox 310 3475 1434 3564; baseline -0.004 -22"><span class='ocrx_word' id='word_1_232' title='bbox 310 3476 412 3544; x_wconf 86' lang='lat' dir='ltr'><strong>nostri</strong></span> <span class='ocrx_word' id='word_1_233' title='bbox 429 3475 605 3542; x_wconf 88' lang='lat' dir='ltr'><strong>munimine</strong></span> <span class='ocrx_word' id='word_1_234' title='bbox 621 3475 758 3542; x_wconf 86' lang='lat' dir='ltr'><strong>fecimus</strong></span> <span class='ocrx_word' id='word_1_235' title='bbox 775 3477 939 3564; x_wconf 87' lang='lat' dir='ltr'><strong>roborari;</strong></span> <span class='ocrx_word' id='word_1_236' title='bbox 965 3477 1012 3543; x_wconf 87' lang='lat' dir='ltr'><strong>ita</strong></span> <span class='ocrx_word' id='word_1_237' title='bbox 1038 3476 1124 3560; x_wconf 91' lang='lat' dir='ltr'><strong>quod</strong></span> <span class='ocrx_word' id='word_1_238' title='bbox 1148 3495 1214 3542; x_wconf 88' lang='lat' dir='ltr'><strong>una</strong></span> <span class='ocrx_word' id='word_1_239' title='bbox 1238 3495 1316 3562; x_wconf 86' lang='lat' dir='ltr'><strong>pars</strong></span> <span class='ocrx_word' id='word_1_240' title='bbox 1333 3493 1434 3541; x_wconf 89' lang='lat' dir='ltr'><strong>reser-</strong></span> 
     </span>
     <span class='ocr_line' id='line_1_30' title="bbox 310 3581 1435 3669; baseline -0.004 -19"><span class='ocrx_word' id='word_1_241' title='bbox 310 3591 443 3652; x_wconf 88' lang='lat' dir='ltr'><strong>uarctur</strong></span> <span class='ocrx_word' id='word_1_242' title='bbox 467 3584 501 3649; x_wconf 92' lang='lat' dir='ltr'><strong>in</strong></span> <span class='ocrx_word' id='word_1_243' title='bbox 526 3583 666 3651; x_wconf 79' lang='lat' dir='ltr'><strong>Camers</strong></span> <span class='ocrx_word' id='word_1_244' title='bbox 682 3585 831 3652; x_wconf 80' lang='lat' dir='ltr'><strong>Ecclesia</strong></span> <span class='ocrx_word' id='word_1_245' title='bbox 847 3585 1055 3669; x_wconf 82' lang='lat' dir='ltr'><strong>Gouriensis,</strong></span> <span class='ocrx_word' id='word_1_246' title='bbox 1073 3585 1179 3651; x_wconf 89' lang='lat' dir='ltr'><strong>altera</strong></span> <span class='ocrx_word' id='word_1_247' title='bbox 1194 3586 1387 3650; x_wconf 88' lang='lat' dir='ltr'><strong>retineretur</strong></span> <span class='ocrx_word' id='word_1_248' title='bbox 1402 3581 1435 3646; x_wconf 94' lang='lat' dir='ltr'><strong>in</strong></span> 
     </span>
     <span class='ocr_line' id='line_1_31' title="bbox 311 3691 1436 3779; baseline -0.004 -20"><span class='ocrx_word' id='word_1_249' title='bbox 311 3693 451 3759; x_wconf 77' lang='lat' dir='ltr'><strong>(lamera</strong></span> <span class='ocrx_word' id='word_1_250' title='bbox 476 3691 627 3758; x_wconf 79' lang='lat' dir='ltr'><strong>Ecclesie</strong></span> <span class='ocrx_word' id='word_1_251' title='bbox 647 3693 759 3759; x_wconf 85' lang='lat' dir='ltr'><strong>Sancti</strong></span> <span class='ocrx_word' id='word_1_252' title='bbox 775 3693 916 3759; x_wconf 85' lang='lat' dir='ltr'><strong>Martini.</strong></span> <span class='ocrx_word' id='word_1_253' title='bbox 933 3691 1142 3779; x_wconf 89' lang='lat' dir='ltr'><strong>Precepimus</strong></span> <span class='ocrx_word' id='word_1_254' title='bbox 1160 3693 1285 3777; x_wconf 88' lang='lat' dir='ltr'><strong>eciam,</strong></span> <span class='ocrx_word' id='word_1_255' title='bbox 1300 3699 1336 3757; x_wconf 93' lang='lat' dir='ltr'><strong>ut</strong></span> <span class='ocrx_word' id='word_1_256' title='bbox 1351 3692 1436 3756; x_wconf 85' lang='lat' dir='ltr'><strong>tales</strong></span> 
     </span>
     <span class='ocr_line' id='line_1_32' title="bbox 311 3797 1435 3886; baseline -0.003 -20"><span class='ocrx_word' id='word_1_257' title='bbox 311 3799 438 3866; x_wconf 90' lang='lat' dir='ltr'><strong>litteras</strong></span> <span class='ocrx_word' id='word_1_258' title='bbox 448 3800 636 3885; x_wconf 86' lang='lat' dir='ltr'><strong>acciperent</strong></span> <span class='ocrx_word' id='word_1_259' title='bbox 652 3800 693 3865; x_wconf 87' lang='lat' dir='ltr'><strong>ab</strong></span> <span class='ocrx_word' id='word_1_260' title='bbox 703 3801 840 3869; x_wconf 86' lang='lat' dir='ltr'><strong>Albensi</strong></span> <span class='ocrx_word' id='word_1_261' title='bbox 856 3801 1009 3866; x_wconf 89' lang='lat' dir='ltr'><strong>similiter</strong></span> <span class='ocrx_word' id='word_1_262' title='bbox 1025 3821 1084 3886; x_wconf 91' lang='lat' dir='ltr'><strong>per</strong></span> <span class='ocrx_word' id='word_1_263' title='bbox 1101 3799 1281 3865; x_wconf 85' lang='lat' dir='ltr'><strong>alfabetum</strong></span> <span class='ocrx_word' id='word_1_264' title='bbox 1298 3797 1435 3874; x_wconf 87' lang='lat' dir='ltr'><strong>diuisas,</strong></span> 
     </span>
     <span class='ocr_line' id='line_1_33' title="bbox 310 3905 1433 3993; baseline -0.002 -21"><span class='ocrx_word' id='word_1_265' title='bbox 310 3913 347 3972; x_wconf 89' lang='lat' dir='ltr'><strong>ut</strong></span> <span class='ocrx_word' id='word_1_266' title='bbox 364 3927 461 3974; x_wconf 88' lang='lat' dir='ltr'><strong>unum</strong></span> <span class='ocrx_word' id='word_1_267' title='bbox 476 3913 605 3992; x_wconf 84' lang='lat' dir='ltr'><strong>partem</strong></span> <span class='ocrx_word' id='word_1_268' title='bbox 630 3906 709 3973; x_wconf 88' lang='lat' dir='ltr'><strong>dicti</strong></span> <span class='ocrx_word' id='word_1_269' title='bbox 732 3907 903 3974; x_wconf 86' lang='lat' dir='ltr'><strong>udnomiei</strong></span> <span class='ocrx_word' id='word_1_270' title='bbox 927 3909 1105 3976; x_wconf 88' lang='lat' dir='ltr'><strong>retinerent</strong></span> <span class='ocrx_word' id='word_1_271' title='bbox 1121 3905 1211 3993; x_wconf 86' lang='lat' dir='ltr'><strong>apud</strong></span> <span class='ocrx_word' id='word_1_272' title='bbox 1227 3907 1433 3991; x_wconf 86' lang='lat' dir='ltr'><strong>semetipsos,</strong></span> 
     </span>
     <span class='ocr_line' id='line_1_34' title="bbox 311 4013 1432 4096; baseline -0.002 -15"><span class='ocrx_word' id='word_1_273' title='bbox 311 4015 411 4082; x_wconf 92' lang='lat' dir='ltr'><strong>aliam</strong></span> <span class='ocrx_word' id='word_1_274' title='bbox 437 4021 546 4082; x_wconf 90' lang='lat' dir='ltr'><strong>autem</strong></span> <span class='ocrx_word' id='word_1_275' title='bbox 570 4015 716 4083; x_wconf 85' lang='lat' dir='ltr'><strong>lacerent</strong></span> <span class='ocrx_word' id='word_1_276' title='bbox 741 4017 873 4084; x_wconf 88' lang='lat' dir='ltr'><strong>retineri</strong></span> <span class='ocrx_word' id='word_1_277' title='bbox 898 4015 931 4083; x_wconf 91' lang='lat' dir='ltr'><strong>in</strong></span> <span class='ocrx_word' id='word_1_278' title='bbox 949 4015 1088 4083; x_wconf 81' lang='lat' dir='ltr'><strong>Camers</strong></span> <span class='ocrx_word' id='word_1_279' title='bbox 1104 4015 1257 4081; x_wconf 81' lang='lat' dir='ltr'><strong>Albensis</strong></span> <span class='ocrx_word' id='word_1_280' title='bbox 1275 4013 1432 4096; x_wconf 79' lang='lat' dir='ltr'><strong>Ecclesia,</strong></span> 
     </span>
     <span class='ocr_line' id='line_1_35' title="bbox 311 4121 1290 4210; baseline -0.001 -20"><span class='ocrx_word' id='word_1_281' title='bbox 311 4130 344 4190; x_wconf 91' lang='lat' dir='ltr'><strong>et</strong></span> <span class='ocrx_word' id='word_1_282' title='bbox 358 4123 493 4208; x_wconf 73' lang='lat' dir='ltr'><strong>terciam</strong></span> <span class='ocrx_word' id='word_1_283' title='bbox 509 4131 635 4210; x_wconf 91' lang='lat' dir='ltr'><strong>partem</strong></span> <span class='ocrx_word' id='word_1_284' title='bbox 651 4126 684 4191; x_wconf 93' lang='lat' dir='ltr'><strong>in</strong></span> <span class='ocrx_word' id='word_1_285' title='bbox 700 4121 840 4191; x_wconf 77' lang='lat' dir='ltr'><strong>camera</strong></span> <span class='ocrx_word' id='word_1_286' title='bbox 856 4123 1004 4192; x_wconf 81' lang='lat' dir='ltr'><strong>Ecclesie</strong></span> <span class='ocrx_word' id='word_1_287' title='bbox 1021 4123 1136 4194; x_wconf 84' lang='lat' dir='ltr'><strong>Sancti</strong></span> <span class='ocrx_word' id='word_1_288' title='bbox 1150 4123 1290 4190; x_wconf 86' lang='lat' dir='ltr'><strong>llartini</strong></span> 
     </span>
    </p>
   </div>
   <div class='ocr_carea' id='block_1_3' title="bbox 312 4315 1435 4758">
    <p class='ocr_par' dir='ltr' id='par_1_4' title="bbox 312 4315 1435 4758">
     <span class='ocr_line' id='line_1_36' title="bbox 312 4315 608 4392; baseline 0.003 -19"><span class='ocrx_word' id='word_1_289' title='bbox 312 4317 508 4390; x_wconf 81' lang='lat' dir='ltr'><strong>(Kltvetkeailr</strong></span> <span class='ocrx_word' id='word_1_290' title='bbox 526 4315 608 4392; x_wconf 76' lang='lat' dir='ltr'><strong>meg:</strong></span> 
     </span>
     <span class='ocr_line' id='line_1_37' title="bbox 313 4405 1435 4556; baseline 0.006 -96"><span class='ocrx_word' id='word_1_291' title='bbox 313 4495 364 4552; x_wconf 88' lang='lat'><strong>101</strong></span> <span class='ocrx_word' id='word_1_292' title='bbox 392 4407 549 4556; x_wconf 56' lang='grc' dir='ltr'><strong>εΙΖιιιιέιιιιιίὶ</strong></span> <span class='ocrx_word' id='word_1_293' title='bbox 575 4408 681 4483; x_wconf 78' lang='lat' dir='ltr'><strong>helyen</strong></span> <span class='ocrx_word' id='word_1_294' title='bbox 708 4411 815 4468; x_wconf 76' lang='lat' dir='ltr'><strong>llilrldr</strong></span> <span class='ocrx_word' id='word_1_295' title='bbox 842 4409 933 4470; x_wconf 73' lang='lat' dir='ltr'><strong>ntdor</strong></span> <span class='ocrx_word' id='word_1_296' title='bbox 961 4412 1073 4470; x_wconf 73' lang='lat'>1221-111</span> <span class='ocrx_word' id='word_1_297' title='bbox 1089 4409 1216 4486; x_wconf 47' lang='lat' dir='ltr'><strong>,todem</strong></span> <span class='ocrx_word' id='word_1_298' title='bbox 1243 4412 1316 4470; x_wconf 82' lang='lat' dir='ltr'><strong>mint</strong></span> <span class='ocrx_word' id='word_1_299' title='bbox 1332 4405 1435 4468; x_wconf 74' lang='lat' dir='ltr'><strong>fenebb</strong></span> 
     </span>
     <span class='ocr_line' id='line_1_38' title="bbox 368 4539 1434 4666; baseline 0.012 -28"><span class='ocrx_word' id='word_1_300' title='bbox 368 4539 375 4554; x_wconf 31' lang='grc' dir='ltr'>υ</span> <span class='ocrx_word' id='word_1_301' title='bbox 421 4541 571 4644; x_wconf 59' lang='lat' dir='ltr'><strong>baumadik</strong></span> <span class='ocrx_word' id='word_1_302' title='bbox 589 4592 711 4666; x_wconf 77' lang='lat' dir='ltr'><strong>helyen:</strong></span> <span class='ocrx_word' id='word_1_303' title='bbox 730 4591 837 4648; x_wconf 84' lang='lat' dir='ltr'><strong>blillds</strong></span> <span class='ocrx_word' id='word_1_304' title='bbox 855 4591 946 4648; x_wconf 81' lang='lat' dir='ltr'><strong>nddcr</strong></span> <span class='ocrx_word' id='word_1_305' title='bbox 963 4592 1070 4662; x_wconf 85' lang='lat' dir='ltr'><strong>itclete,</strong></span> <span class='ocrx_word' id='word_1_306' title='bbox 1090 4597 1161 4652; x_wconf 87' lang='lat' dir='ltr'><strong>mint</strong></span> <span class='ocrx_word' id='word_1_307' title='bbox 1172 4593 1276 4652; x_wconf 84' lang='lat' dir='ltr'><strong>lenebb</strong></span> <span class='ocrx_word' id='word_1_308' title='bbox 1288 4597 1334 4656; x_wconf 79' lang='lat'><strong>9².</strong></span> <span class='ocrx_word' id='word_1_309' title='bbox 1347 4612 1388 4654; x_wconf 85' lang='lat' dir='ltr'><strong>aa.</strong></span> <span class='ocrx_word' id='word_1_310' title='bbox 1400 4611 1434 4664; x_wconf 69' lang='grc' dir='ltr'><strong>ις</strong></span> 
     </span>
     <span class='ocr_line' id='line_1_39' title="bbox 427 4679 1435 4758; baseline 0.013 -28"><span class='ocrx_word' id='word_1_311' title='bbox 427 4679 569 4749; x_wconf 79' lang='lat' dir='ltr'><strong>negyedilr</strong></span> <span class='ocrx_word' id='word_1_312' title='bbox 586 4681 708 4754; x_wconf 76' lang='lat' dir='ltr'><strong>helpen:</strong></span> <span class='ocrx_word' id='word_1_313' title='bbox 724 4679 833 4740; x_wconf 78' lang='lat' dir='ltr'><strong>llilrlds</strong></span> <span class='ocrx_word' id='word_1_314' title='bbox 849 4682 941 4740; x_wconf 79' lang='lat' dir='ltr'><strong>ntdor</strong></span> <span class='ocrx_word' id='word_1_315' title='bbox 957 4684 1066 4758; x_wconf 82' lang='lat' dir='ltr'><strong>itdletc,</strong></span> <span class='ocrx_word' id='word_1_316' title='bbox 1083 4685 1156 4743; x_wconf 90' lang='lat' dir='ltr'><strong>mint</strong></span> <span class='ocrx_word' id='word_1_317' title='bbox 1172 4683 1277 4746; x_wconf 87' lang='lat' dir='ltr'><strong>fenebb</strong></span> <span class='ocrx_word' id='word_1_318' title='bbox 1290 4683 1335 4745; x_wconf 86' lang='grc'><strong>93.</strong></span> <span class='ocrx_word' id='word_1_319' title='bbox 1348 4703 1389 4744; x_wconf 83' lang='lat' dir='ltr'><strong>sa.</strong></span> <span class='ocrx_word' id='word_1_320' title='bbox 1401 4701 1435 4756; x_wconf 66' lang='lat' dir='ltr'><strong>aa</strong></span> 
     </span>
    </p>
   </div>
   <div class='ocr_carea' id='block_1_4' title="bbox 0 0 1627 5054">
    <p class='ocr_par' dir='ltr' id='par_1_5' title="bbox 0 0 1627 5054">
     <span class='ocr_line' id='line_1_40' title="bbox 0 0 1627 5054; baseline 0 0"><span class='ocrx_word' id='word_1_321' title='bbox 0 0 1627 5054; x_wconf 95' lang='lat' dir='ltr'><strong> </strong></span> 
     </span>
    </p>
   </div>
  </div>
 </body>
</html>
