3214 5066
158 515 284 582 Datum
309 531 368 600 per
391 531 508 581 manns
532 513 681 596 magistri
706 511 865 600 Stephani
890 510 1024 582 Domini
1038 514 1128 602 Papo
1143 513 1286 582 Subdit-

162 621 257 707 eeni,
283 620 656 706 Zagrabiensislilecti,
677 627 711 688 et
723 621 809 688 Aule
824 626 934 688 nostre
950 619 1158 689 Ganoellarii.
1189 623 1284 693 Anno

160 731 204 797 ab
220 729 458 798 incarnacione
471 729 605 796 Domini
620 727 993 797 blillesime'GG.XX.V.
1025 731 1172 798 vacante
1186 751 1286 801 vene·

159 837 260 905 rabili
276 835 362 906 Sede
378 836 613 924 Stripeuiensi,
636 835 828 906 Reverendo
844 835 971 924 Ugrine
987 837 1159 908 colocensi
1173 838 1286 906 Archi·

161 946 319 1032 episcope
336 947 525 1028 exsistente,
540 945 713 1019 Desiderio
728 943 970 1028 Gbencdiensi,
985 935 1287 1032 Roberto‘vvespri·

161 1050 301 1138 miensi,
316 1054 546 1120 Bartbelemee
562 1053 929 1138 Quinque-Ecclesiensi
938 1104 947 1139 ,
965 1053 1156 1124 Alexandro
1168 1053 1285 1124 Wart-

163 1159 290 1244 diensi,
306 1161 478 1246 Reyneldo
494 1161 795 1230 vranssilvaniensi
804 1212 813 1247 ,
841 1161 967 1229 Bricoie
982 1161 1188 1245 Wacbiensi,
1204 1163 1283 1233 Gre-

163 1269 256 1354 gorio
270 1269 559 1355 Genriensi„Gleto
575 1271 730 1357 dgriensi
740 1269 912 1358 Episcopis
928 1270 1152 1357 existentibus,
1170 1272 1282 1341 Eccle-

163 1377 232 1446 siae
248 1377 311 1444 Dei
326 1377 466 1444 feliciter
481 1377 754 1463 gubernantibus,
770 1376 848 1445 Jula
858 1369 1009 1446 Palatino
1027 1386 1059 1444 et
1069 1379 1195 1447 Gemite
1206 1379 1286 1468 Sup·
1323 1409 1366 1444 x

164 1485 360 1572 prumiensi,
385 1485 545 1557 Niebelao
570 1485 696 1553 Guriali
721 1485 848 1554 Gemite
872 1485 1020 1571 Regius,
1039 1485 1195 1556 Ladislao
1211 1490 1288 1556 aule

164 1599 279 1662 noetre
303 1593 429 1662 murali
453 1593 577 1662 Gemite
613 1601 646 1661 et
681 1594 808 1663 Gemite
832 1593 1012 1678 Nitrielrsi,
1038 1595 1198 1682 Dionysio
1223 1595 1288 1664 filie

165 1700 319 1789 Dionysii
332 1701 488 1786 Magistro
504 1689 789 1786 Tawarnicorum,
814 1701 979 1770 Demetrio
1004 1702 1164 1788 Magistro
1187 1704 1288 1790 Depi-

167 1809 308 1878 lererum
324 1815 356 1875 et
371 1809 495 1878 Gemite
510 1809 722 1896 Pesoniensi,
749 1815 782 1876 et
805 1809 881 1878 aliis
905 1789 1165 1894 quamplurimis
1183 1811 1285 1880 Gemi-

165 1925 253 1986 tatus
269 1925 303 1987 et
317 1919 530 2005 Magistratus
556 1921 744 1991 tenentibus
753 1970 763 2006 ,
789 1918 894 2005 Regni
915 1919 1018 1989 nestri
1034 1938 1119 1990 enne
1134 1919 1289 1988 vicesimo

167 2025 325 2098 secunde.

293 2221 436 2297 (liredetie
455 2239 473 2278 a
491 2222 693 2282 szentmirteni
711 2209 862 2294 idupitsdg
879 2201 1097 2294 leveltirtbaul.
1187 2199 1193 2214 ¹

613 2485 860 2499 μι--ι--ι--μ-

698 2749 775 2816 124.

172 2929 237 2995 III.
254 2929 413 2994 Honorius
429 2929 559 3014 pdpa'a
573 2927 741 3012 veszpremi
763 2931 887 3019 pltapb‘k
917 2931 948 2994 es
977 2953 998 2994 a
1026 2929 1292 3017 reddenselttrvdri

342 3035 573 3123 jdooareedttek
588 3034 672 3100 bozo·
680 3035 800 3122 perdere
815 3037 1001 3106 inte'elredt'k.
1020 3041 1118 3105 1225.

281 3215 445 3282 Honorius
461 3213 642 3300 Episcopus
658 3221 718 3282 etc.
734 3215 863 3284 dilectis
878 3215 953 3284 filiis
970 3265 978 3282 .
996 3263 1004 3282 .
1022 3265 1030 3282 .
1046 3218 1169 3285 Abbati
1179 3219 1292 3287 Sancti

175 3322 323 3393 Gedardi
338 3370 347 3389 .
365 3371 372 3390 .
390 3372 398 3389 .
423 3323 595 3408 Prepesite
614 3321 769 3408 Albensi,
786 3323 975 3402 Geuriensis
992 3329 1023 3390 et
1040 3325 1291 3411 vesprimiensis

174 3432 372 3518 Dieeeslum,
394 3431 430 3498 'et
446 3431 602 3517 Magistro
618 3431 708 3498 Enoc
721 3430 961 3498 Archidiaeene
976 3429 1133 3499 Nitriensi
1156 3433 1294 3500 salutem

176 3548 237 3609 ete.
268 3539 454 3608 Venerabili
469 3539 563 3608 fratri
579 3545 691 3607 nestro
708 3589 716 3605 .
733 3586 742 3605 .
759 3587 768 3606 .
785 3587 794 3605 .
824 3539 1060 3623 vesprimiensi
1075 3541 1238 3626 Episcopo
1262 3547 1295 3607 et

174 3649 294 3718 dilecto
319 3647 386 3716 lilio
414 3645 510 3716 fratri
523 3649 560 3715 rt
576 3647 779 3734 proenrateri
793 3647 975 3734 Hospitalis
990 3647 1246 3716 Jereselimitani
1260 3649 1295 3714 in

175 3757 328 3846 Ungarie
351 3757 384 3824 in
408 3763 521 3824 nestra
543 3757 710 3842 presentia
726 3754 908 3824 constitutis
924 3757 1146 3825 venerabilem
1162 3755 1295 3825 fratrem

174 3873 319 3932 nestrum
334 3865 369 3931 Ρ.
386 3864 604 3932 Albanensem
619 3865 818 3950 Episcopum
843 3861 991 3933 dedimus
1015 3865 1213 3951 auditorem,
1239 3883 1295 3932 eo-

175 3995 247 4042 ram
270 3993 334 4060 quo
359 3971 464 4040 dietus
488 3973 583 4059 petiit
598 3979 787 4058 procurator
802 3971 966 4057 quandam
981 3972 1176 4042 sententiam
1192 3994 1214 4039 a
1228 3969 1296 4040 leli-

176 4083 224 4150 cis
249 4081 405 4150 memorie
431 4080 623 4148 Innocentio
647 4082 741 4167 Papa
766 4079 998 4168 predecessore
1022 4087 1133 4149 nestro
1147 4089 1207 4166 p're
1222 4079 1296 4165 ipse

175 4187 343 4277 Episcopo
367 4195 479 4256 eontra
494 4189 615 4255 fratres
630 4189 887 4257 Jereselimitani
901 4185 1083 4277 Hospitalis
1098 4188 1212 4257 Sancti
1227 4188 1297 4255 Ste-

175 4299 279 4386 phani
294 4297 458 4384 Albensis,
478 4297 731 4383 vesprimiensis
748 4296 908 4382 Dieeesis,
925 4315 1024 4384 super
1039 4287 1301 4380 quibusdamde?

177 4407 270 4474 rimis
285 4405 524 4493 promulgatam
541 4405 575 4474 in
589 4405 704 4472 melius
720 4406 919 4490 commutari,
941 4412 1008 4472 tum
1024 4405 1111 4489 qued
1126 4423 1227 4473 eausa
1241 4425 1297 4473 su·

177 4535 235 4602 per
249 4513 390 4603 prelatis
405 4511 541 4580 decimis
556 4533 665 4582 corum
687 4513 760 4598 ipse
784 4511 1017 4601 predecessore
1038 4518 1148 4579 nestro
1163 4531 1222 4598 per
1237 4513 1300 4580 lal-

37 4687 39 4718 ,Ἴ
179 4644 250 4696 sum
262 4627 509 4711 procuratorem
521 4621 651 4708 aptam
664 4621 791 4708 luerat,
815 4629 853 4690 ut
875 4621 1026 4708 dicebat,
1048 4629 1116 4690 tum
1141 4621 1229 4706 qued
1255 4641 1298 4690 ex

38 4741 39 4748 ’
130 4762 137 4776 =
1089 4729 1151 4796 14·
