3222 5054
826 332 985 436 28}-

342 539 376 598 et
391 531 435 598 ibi
451 531 607 616 Magistro
624 532 667 597 M.
683 529 749 596 fixa
766 535 817 596 cst
833 537 939 612 meta;
965 528 1047 594 hinc
1066 547 1164 614 vero,
1191 547 1295 615 usque
1313 529 1387 598 dum
1405 531 1468 598 iret

339 637 373 703 in
401 636 587 722 Sapulnucb
615 637 802 724 sepedictus
828 637 986 720 Magister
1004 635 1045 701 Μ.
1073 636 1222 719 petitioni
1237 637 1374 704 fratrum
1392 658 1467 706 con-

269 807 283 822 „
340 747 439 844 cessit
454 753 592 830 terram,
609 747 696 830 quod
711 747 798 831 wlgo
815 745 934 813 dicitur
949 743 1196 827 Feledechtew;
1218 744 1295 825 quia
1310 744 1389 810 ville
1405 745 1467 811 Ba-

339 855 403 921 cba
417 855 589 939 indigebat
605 862 691 921 terra
706 853 762 921 ubi
776 872 899 940 pecora
916 871 1027 920 eornm
1040 857 1263 937 pascerentur.
1275 850 1346 917 Hec
1357 857 1466 918 autem

338 966 372 1031 in
388 963 560 1049 presencia
575 967 689 1030 nostra
704 965 779 1028 sunt
794 957 928 1026 definita
937 1009 947 1045 ,
965 963 1002 1024 ut
1016 958 1057 1024 de
1074 956 1216 1044 inceptis
1233 978 1269 1026 os
1286 959 1464 1026 calumnia-

339 1073 419 1140 toris
450 1068 629 1136 claudatur.
661 1068 732 1148 Quo
762 1067 905 1153 duplicis
930 1066 1032 1152 sigilli
1056 1065 1159 1132 nostri
1188 1065 1363 1132 munimine
1389 1066 1466 1132 leci-

339 1199 410 1247 mus
435 1179 639 1262 consignare.
664 1177 786 1245 Datum
812 1175 904 1242 Budc
928 1194 1015 1241 anno
1031 1172 1203 1246 Dominice
1219 1173 1466 1242 Ineamaeionis

340 1283 621 1373 u⁰co⁰xxx⁰1⁰,
640 1305 724 1354 anno
741 1291 851 1351 autem
866 1280 973 1368 Regni
988 1280 1092 1376 nostri
1108 1281 1264 1349 vicesimo
1280 1286 1410 1349 octavo.

752 1457 859 1536 (sacch
871 1457 1081 1532 kduiretaibbl.)

769 1727 916 1737 —n--u-—s-
921 1727 1010 1736 ...α

381 2205 439 2270 ΙΧ.
457 2203 590 2292 Gorpcly
599 2207 692 2290 pdpa
707 2225 746 2268 az
762 2203 941 2290 castergamc'
955 2201 1105 2267 &sabaeis
1130 2201 1318 2266 korouriza'ot'
1325 2203 1422 2286 jopdt

742 2309 926 2396 oooperdstti.
943 2310 1042 2374 1231.
1164 2335 1166 2342 ·

442 2487 821 2573 Gregorius-Episcopus
838 2493 900 2554 etc.
916 2485 1095 2553 venerabili
1116 2483 1208 2550 fratri
1226 2535 1233 2551 .
1252 2535 1259 2550 .
1277 2531 1286 2550 .
1304 2535 1311 2551 .
1337 2487 1459 2572 Strigo·

338 2594 445 2662 nicusi
460 2593 716 2678 Arcbiepiscopo
732 2595 869 2659 salutem
885 2599 945 2661 etc.
971 2593 1075 2660 Justis
1090 2592 1272 2678 petentium
1289 2590 1462 2660 desideriis

334 2707 397 2767 etc.
414 2701 484 2786 Jus,
501 2699 587 2784 quod
603 2717 624 2766 a
639 2701 723 2765 bone
739 2701 895 2765 memorie
912 2698 1101 2766 Alexandro
1117 2701 1210 2784 Papa
1227 2697 1462 2784 predecessore

334 2816 458 2894 nostro,
486 2815 519 2874 et
533 2806 646 2874 inclite
664 2806 902 2874 recordationis
918 2808 1001 2874 Bela
1017 2807 1223 2891 Ungarcrum
1238 2809 1329 2892 Rege
1344 2826 1385 2876 ac
1400 2806 1460 2874 Ec·

336 2915 440 2986 clesia
456 2913 638 2997 (tolosensi,
656 2911 808 2980 videlicet
824 2921 859 2979 ut
875 2913 1033 2997 Ungsrici
1047 2915 1157 2997 Reges
1174 2915 1217 2981 ab
1234 2915 1461 2999 Archiepisco-

334 3025 386 3108 pis
411 3021 691 3108 strigoniensibus
717 3041 847 3107 semper
875 3023 1018 3090 debeant
1042 3023 1215 3107 coronari,
1244 3023 1461 3109 strigoniensi

333 3130 503 3217 metropoli
520 3129 579 3194 fuit
595 3129 770 3196 manifeste
785 3131 999 3214 recognitum,
1017 3130 1101 3196 sicut
1113 3131 1147 3196 in
1158 3150 1270 3198 eorum
1289 3131 1462 3199 autenticis

333 3239 523 3322 continetur,
540 3243 572 3302 et
589 3237 695 3304 felicis
712 3238 950 3306 recordationis
966 3237 1119 3305 Clemens
1137 3247 1170 3306 et
1188 3239 1373 3306 selestinus
1388 3259 1460 3326 pre·

332 3348 525 3413 decessores
540 3343 642 3412 nostri
658 3347 726 3412 suis
743 3346 862 3412 litteris
881 3345 1128 3433 confirmarunt;
1149 3348 1204 3433 jus
1221 3367 1357 3432 quoque,
1376 3347 1461 3432 quod

331 3455 435 3522 habes
460 3455 493 3519 in
518 3453 725 3520 conferendis
751 3453 985 3521 ecclesiasticis
1012 3458 1231 3524 sacramentis
1258 3457 1405 3543 Regibus
1429 3462 1463 3522 et

332 3562 465 3646 Reginis
482 3560 651 3646 Hungarie
668 3559 898 3628 coheredibus
921 3561 1120 3647 eorundem,
1146 3571 1180 3630 et
1204 3563 1462 3631 iurisdictionem

332 3669 613 3750 ecclesiasticam,
639 3687 735 3750 quam
751 3667 784 3733 in
800 3669 984 3755 prepositos
1002 3676 1036 3738 ct
1051 3669 1213 3738 officiales
1229 3671 1330 3756 Regis
1346 3673 1462 3738 domus

332 3773 455 3860 babes,
480 3794 578 3857 quam
602 3773 687 3840 idem
712 3777 925 3860 predecessor
944 3785 1058 3846 noster
1074 3777 1260 3846 Celestinus
1277 3778 1462 3845 Ecclesiam

331 3891 420 3949 tuam
436 3881 558 3948 babere
573 3881 738 3966 decrevit;
758 3883 1021 3967 jurisdictionem
1038 3885 1147 3969 etiam,
1167 3903 1266 3970 quam
1281 3884 1413 3952 obtines
1428 3885 1462 3951 in

331 3989 483 4059 Abbatiis
499 3995 532 4055 et
546 3991 766 4074 Proposituris
783 3992 963 4079 Regalibus
979 3995 1132 4062 Ecclesie
1150 3993 1384 4078 strigoniensis
1400 4013 1460 4078 per

332 4095 513 4184 Ungariam
530 4097 725 4181 ubicumque
742 4099 919 4186 subiectis3
935 4101 1080 4168 decimas
1096 4102 1238 4187 insuper,
1255 4099 1417 4186 primitias
1427 4109 1459 4169 ct

331 4209 507 4290 incensum,
524 4223 587 4288 que
602 4203 645 4272 de
655 4203 795 4274 (lamera
810 4209 909 4292 Regis
926 4207 1076 4276 Ecclesie
1093 4214 1272 4276 memorate
1288 4207 1459 4296 debentur,

331 4315 414 4381 siout
437 4313 545 4381 omnia
573 4313 615 4381 de
639 4317 766 4383 ratione
791 4317 845 4382 vel
862 4315 1096 4383 consuetudine
1112 4316 1156 4382 ad
1169 4315 1355 4384 Ecclesiam
1370 4322 1459 4384 tuam

336 4420 497 4505 pertinere
522 4429 715 4507 noscuntur,
741 4421 802 4488 tibi
826 4429 860 4491 et
883 4425 1126 4493 successoribus
1150 4425 1214 4492 tuis
1230 4423 1275 4492 ad
1290 4427 1459 4512 exemplar

336 4524 445 4592 felicis
461 4527 698 4595 reeordationis
713 4531 896 4598 innocentii
911 4533 1004 4619 Pape
1018 4533 1265 4620 predecessoris
1282 4532 1387 4602 nostri
1402 4551 1458 4599 ar·

335 4631 484 4700 ctoritate
500 4633 693 4725 Apostolica
708 4637 942 4716 confirmamus,
960 4645 994 4706 et
1009 4641 1173 4730 presentis
1188 4640 1300 4736 scripti
1314 4636 1458 4734 patroci-
