3198 5058
294 1014 326 1084 Α
335 1017 475 1105 peperci
489 1015 650 1084 kitotdoo
674 1013 878 1104 oe'preltujtok
892 1035 915 1080 a
929 1017 1005 1082 204.
1021 1038 1064 1082 aa.
1080 1015 1177 1082 amai
1199 1017 1299 1102 popei
1314 1015 1416 1084 Mlti·
1494 1111 1498 1120 Ι

539 1124 604 1190 acle
612 1121 889 1212 fopooatoeitdsdt
906 1123 1054 1210 stirpetik.
1071 1123 1170 1188 1235.

174 1356 299 1434 s
402 1323 439 1391 P.
456 1319 671 1388 miseracione
689 1318 813 1387 Diuina
829 1303 1087 1402 'Simighiensim
1114 1319 1152 1386 T.
1178 1319 1417 1406 Tychoniensis

295 1429 410 1496 sosas
426 1435 459 1496 et
473 1429 566 1498 Prior
580 1427 841 1516 Tychoniensis,
857 1425 1022 1494 uniuersis
1038 1426 1261 1495 Ecclesiamm
1276 1427 1417 1496 Prelstis

296 1557 356 1624 per
370 1536 572 1623 Hungariem
588 1537 772 1606 constitutis
788 1540 960 1622 presentes
975 1536 1104 1603 litteras
1120 1535 1316 1622 inspecturis
1331 1537 1417 1604 saln-

296 1651 362 1714 tem
379 1645 412 1712 in
428 1643 578 1712 Domino.
602 1645 740 1712 Noncrit
764 1643 829 1710 ism
854 1640 976 1711 dudum
992 1649 1104 1710 uestra
1119 1643 1318 1712 uniuersitas
1333 1643 1417 1713 litte-

186 1759 190 1766 “
296 1771 352 1820 ros
368 1753 485 1820 summi
500 1752 665 1820 Pontificis
680 1751 848 1838 recepisse
864 1751 923 1819 sub
940 1748 1003 1818 hac
1019 1747 1143 1818 formu:

405 1859 583 1946 Gregorius
598 1859 781 1949 Episcopus
797 1859 859 1926 stb.

298 1979 494 2054 (Kttvetkeaik
506 1984 555 2042 lx.
571 1982 699 2058 Gergely
710 1982 788 2058 pdpa
801 1981 905 2040 fenebb
923 1982 985 2038 204.
1011 1999 1054 2039 sn.
1074 1999 1101 2038 a.
1124 1980 1275 2040 oluasheto
1287 1977 1418 2054 buutja)

405 2091 490 2171 Quia
505 2113 582 2162 vero
599 2113 691 2161 error
705 2091 758 2160 oni
772 2111 837 2159 non
852 2092 1016 2162 resistitur
1032 2093 1254 2180 approbatur,
1280 2099 1315 2160 et
1329 2093 1418 2162 uiros

285 2202 395 2269 ‚decet
410 2203 653 2270 ecclesiasticos
671 2199 863 2290 prouidere,
887 2225 929 2272 ne
955 2202 1154 2271 dissoluatur
1180 2220 1300 2269 neruus
1324 2201 1418 2271 disci·

298 2311 388 2396 pline
404 2312 639 2396 ecclesiastice,
650 2313 727 2395 quis
742 2331 810 2378 rern
826 2312 1010 2380 inuenimus
1026 2313 1072 2379 ita
1089 2329 1177 2397 esse,
1192 2319 1336 2380 uestram
1351 2311 1419 2377 vni·

298 2417 488 2485 uersitatem
515 2420 602 2486 omni
627 2418 806 2488 affecoione
822 2439 887 2505 qua
903 2439 1075 2506 possumus
1091 2421 1125 2487 in
1142 2419 1203 2486 hac
1218 2424 1312 2506 parte
1329 2417 1419 2486 duri-

298 2545 370 2594 mns
395 2524 615 2612 exorandam,
641 2527 835 2596 auctoritate
860 2527 982 2596 domini
1008 2529 1100 2615 Papo
1116 2528 1209 2596 uobis
1225 2525 1359 2594 firmiter
1374 2527 1420 2592 in-

299 2633 481 2719 iungentes,
498 2634 849 2722 quatenusprediotam
860 2633 1210 2703 excommunicacionis
1221 2633 1420 2702 sentenciam

299 2739 333 2806 in
348 2741 439 2826 ipsos
454 2743 551 2828 plene
568 2747 600 2810 et
614 2741 748 2810 firmiter
763 2741 895 2812 faciatis
912 2745 1101 2829 obseruari,
1127 2751 1160 2810 et
1185 2765 1207 2810 a
1231 2741 1327 2809 uobis
1351 2760 1420 2808 are·

298 2847 370 2915 cius
396 2850 531 2934 eniteri,
555 2869 596 2916 ne
623 2869 762 2918 censura
786 2851 1017 2918 ecclesiastica
1032 2851 1186 2918 uideatur
1200 2851 1329 2917 omnino
1345 2868 1421 2917 con·

300 2957 446 3042 temptni.
463 2955 669 3024 Soiuteciom
681 2963 794 3027 uestra
805 2959 1014 3043 uniuersitas,
1026 2957 1110 3042 quod
1120 2958 1181 3025 sub
1192 2955 1307 3025 eadem
1318 2955 1423 3024 torma

300 3063 430 3131 domino
443 3064 851 3153 Episcopovesprimiensi
867 3073 1024 3151 tanquam
1040 3053 1207 3134 ordinario
1223 3065 1424 3152 scripsimus,

299 3177 453 3257 rogantes
471 3171 644 3258 diligenter
659 3173 807 3260 eundem,
823 3181 857 3241 et
872 3175 1069 3242 auctoritate
1086 3173 1208 3241 domini
1220 3173 1311 3258 Pspe
1326 3169 1424 3238 firmi-

298 3288 351 3350 ter
366 3280 590 3368 ininngentes,
614 3289 649 3349 ut
662 3302 722 3369 per
738 3301 775 3351 so
790 3291 823 3352 et
838 3303 898 3372 per
912 3303 992 3352 snos
1009 3283 1158 3351 subditos
1174 3283 1280 3368 ipsam
1295 3287 1424 3347 senten·

301 3389 384 3456 ciem
399 3387 532 3456 firmiter
548 3389 671 3458 feceret
686 3391 873 3476 obseruari,
900 3399 933 3460 et
947 3393 991 3459 ab
1007 3391 1156 3460 omnibus
1175 3389 1305 3458 arccins
1322 3389 1424 3458 suita

300 3501 429 3583 rentur,
455 3499 559 3566 donoc
586 3499 710 3568 eisdem
726 3499 848 3568 Abbati
865 3506 898 3567 et
913 3499 1094 3570 conuentui
1118 3497 1368 3583 satisfacerent,
1393 3501 1426 3564 et

302 3625 374 3674 curn
399 3613 583 3674 nostrarum
608 3605 794 3674 testimonio
818 3609 1001 3676 litterarum
1027 3607 1071 3676 ad
1090 3605 1210 3675 Sedem
1226 3604 1425 3673 secederent

302 3715 524 3802 Apostolioam
543 3712 746 3782 absoluendi.

465 3889 610 3962 (Erodetie
622 3907 641 3948 s
651 3887 869 3950 saentmtrtoni
880 3887 1036 3965 itepitsstg
1048 3887 1271 3962 leriltiribeu.)

730 4149 999 4165 *t-
