3214 5066
808 323 1049 454 Q„

320 550 414 635 parte
438 541 618 632 Hospitalis
643 543 830 612 necessarie
854 541 1057 610 manationes
1083 549 1115 611 et
1139 544 1350 631 probationes
1375 551 1444 624 iue-

322 661 404 742 rant,
424 653 510 722 siout
524 651 714 738 asserebat,
729 651 868 738 omissa,
885 668 948 735 que
963 649 993 718 si
1008 651 1131 720 omisso
1145 673 1212 721 non
1227 665 1358 745 essent,
1374 659 1443 731 lata

321 783 387 832 non
403 768 491 832 esset
506 765 619 831 contra
634 760 742 847 ipsum
757 759 930 846 Hospitale
945 759 1107 830 contectis
1122 761 1320 849 supradicta.
1333 765 1443 846 Quare

321 871 473 961 petebat,
500 869 530 940 si
554 869 666 941 forsan
682 870 725 938 de
740 868 824 938 falso
839 874 1051 955 procuratore
1071 868 1215 957 allegato
1231 893 1296 941 non
1310 875 1443 963 prodes-

321 987 382 1067 eel,
398 980 570 1066 Hospitalc
585 979 692 1066 ipsum
707 977 750 1046 ad
765 978 929 1066 predictas
954 979 1160 1062 narrationes
1176 987 1210 1049 et
1223 981 1436 1068 probationes

321 1111 382 1178 par
395 1086 430 1158 in
444 1089 583 1173 integrm
593 1087 829 1159 restitutionem
839 1085 979 1166 admitti,
995 1086 1168 1174 presertim
1183 1107 1255 1157 curo
1272 1109 1314 1158 ex
1330 1111 1442 1160 aarum

322 1197 499 1267 omissione
514 1197 558 1264 sit
574 1195 748 1264 enormiter
762 1197 885 1282 lesum,
912 1197 967 1264 rel
983 1181 1104 1264 saltem¹
1116 1187 1215 1265 unum
1230 1198 1271 1268 de
1287 1199 1443 1269 iratribus

322 1309 392 1377 suis
408 1307 510 1376 statui
525 1305 671 1375 eiusdem
685 1303 867 1391 Hospitalis
892 1305 1049 1384 uindicem
1075 1304 1204 1374 nomine
1220 1307 1367 1376 Romane
1382 1307 1443 1376 Hc·

323 1415 443 1501 alesia,
469 1414 515 1484 ad
546 1433 644 1500 quam
673 1419 821 1500 spectat,
851 1417 885 1482 ct
914 1413 967 1481 oui
997 1421 1047 1481 est
1077 1413 1112 1480 in
1141 1432 1207 1481 nna
1232 1434 1343 1484 marca
1369 1419 1441 1484 auri

322 1525 417 1594 annis
441 1522 579 1608 cingulis
604 1522 765 1590 censuale.
782 1521 940 1590 .Prelatus
951 1543 1030 1590 vero
1049 1521 1231 1610 Episcopus
1247 1523 1440 1612 excipiendo

322 1633 509 1722 respondit,
532 1633 623 1717 qnod
642 1631 826 1724 superbiis
850 1631 1048 1718 respondere
1078 1648 1143 1698 non
1173 1633 1345 1700 tenebatur
1369 1653 1442 1720 prc-

322 1743 464 1812 euratori
493 1739 638 1830 predicto
648 1791 658 1825 ,
677 1741 772 1826 ¹quod
802 1761 872 1808 cum
902 1759 962 1826 per
990 1787 1202 1807 ......
1249 1741 1291 1809 dc
1317 1741 1443 1810 Tichon

323 1846 372 1920 el
385 1895 553 1919 .....
588 1846 629 1916 de
659 1849 795 1916 Bocban
825 1847 988 1932 abbates,
1017 1867 1098 1930 qnos
1129 1849 1201 1935 ipsc
1230 1847 1451 1934 predecessor

322 1965 432 2028 noster
447 1957 618 2045 deputavit
633 1961 824 2026 executores
851 1958 1013 2025 sententie
1038 1957 1244 2042 supradicte,
1270 1957 1387 2026 luisset
1410 1962 1442 2028 in

322 2067 540 2157 predictarum
556 2066 753 2155 decimarum
769 2066 1010 2152 possessionem
1025 2063 1195 2151 inductus,
1221 2065 1341 2135 fratres
1364 2066 1442 2135 diali

321 2175 502 2265 Hospitalis
518 2175 594 2242 licet
609 2174 653 2242 ad
667 2181 795 2259 tempus
812 2177 875 2262 ipsi
891 2155 1051 2243 sententie
1066 2171 1271 2261 paruissent,
1298 2183 1441 2264 postmo-

323 2287 399 2354 dum
413 2294 524 2354 tamen
539 2284 647 2371 ipsum
662 2284 887 2368 spoliaverant
902 2285 1036 2352 decimis
1051 2283 1245 2370 baledictis5
1271 2305 1373 2368 quare
1396 2281 1443 2350 dl·

324 2397 429 2479 cebet,
445 2394 533 2477 quod
549 2399 636 2460 stare
650 2412 715 2460 non
731 2389 920 2462 debatalia
936 2391 1053 2458 iudicio
1069 2391 1240 2477 spoliatus.
1257 2392 1329 2468 Hiis
1342 2393 1440 2478 igitur

322 2525 381 2591 per
395 2487 586 2570 relationem
602 2498 703 2587 ipsius
720 2493 879 2568 auditoris
893 2497 1022 2584 plenius
1038 2498 1231 2584 intellectis,
1259 2501 1347 2585 quod
1362 2519 1438 2578 ncu-

322 2619 375 2680 tra
388 2626 466 2697 pars
480 2627 599 2693 eorum,
616 2627 678 2691 que
694 2629 804 2676 coram
819 2610 892 2693 ipso
909 2605 1058 2674 auditore
1074 2607 1253 2694 proposuit,
1269 2607 1374 2694 potuit
1394 2609 1441 2676 ia-

325 2714 546 2802 cara'plenarn
561 2713 657 2782 fidem
666 2763 675 2798 ,
691 2714 732 2783 de
749 2716 886 2794 fratrum
901 2720 1084 2786 nostrorum
1100 2715 1235 2782 consilio
1251 2715 1441 2784 discretioni

226 2883 229 2890 .
323 2830 432 2894 vestm
447 2822 490 2900 da
503 2823 668 2905 utriusque
683 2825 787 2910 partis
803 2823 1209 2909 assensuperrlpostoliea
1220 2823 1343 2910 scripta
1353 2845 1439 2892 mao-

309 2933 448 3018 -damus,
464 2937 624 3017 quatenus
639 2929 725 2998 dicto
742 2930 907 3018 Episcopo
923 2932 1012 3017 prius
1026 2929 1155 3014 integra
1170 2931 1341 3018 restituto,
1359 2933 1390 3000 ai
1404 2951 1439 3000 se

322 3040 513 3128 probaverit
534 3037 725 3124 spoliatum,
757 3044 790 3103 et
815 3039 1055 3126 possessionem
1074 3037 1253 3130 pacificant
1278 3046 1440 3125 assecuto,

324 3148 468 3219 audiatis
494 3167 553 3232 ea,
578 3166 641 3232 que
665 3165 743 3232 pars
769 3147 952 3234 Hospitalis
969 3166 1066 3233 super
1080 3148 1166 3216 salso
1180 3155 1393 3234 procuratore
1408 3153 1441 3214 et

322 3255 570 3347 probationibus
585 3254 716 3324 omissis
724 3305 733 3342 ,
751 3273 878 3322 necnon
894 3276 953 3341 ea,
980 3275 1043 3339 que
1059 3255 1166 3324 dictus
1182 3255 1366 3344 Hpiscopue
1382 3277 1440 3344 pro

197 3407 201 3416 ·
323 3364 505 3434 seduxerit
518 3363 729 3451 proponenda
738 3413 748 3447 ,
772 3383 967 3449 causamque
983 3382 1081 3449 super
1097 3365 1279 3450 prenotatis
1295 3358 1438 3432 articulis

323 3474 520 3562 sufficienter
542 3474 732 3561 insbuctam
747 3472 790 3541 ad
805 3481 951 3542 nostrum
975 3472 1148 3542 remittatis
1171 3493 1319 3558 examen,
1344 3473 1441 3560 preli·

322 3589 436 3670 gentes
461 3583 609 3670 partibus
632 3583 803 3650 terminum
830 3587 1084 3668 competentem,
1104 3599 1167 3664 quo
1183 3589 1297 3650 nostro
1312 3601 1349 3648 se
1364 3601 1438 3650 eon·
1519 3577 1524 3588 ’
1593 3623 1594 3656 ι

323 3691 451 3779 'spectui
474 3687 716 3776 representari,
744 3689 831 3775 quod
846 3691 965 3768 iustum
982 3689 1079 3756 luerit
1093 3697 1270 3776 receptare.
1300 3689 1442 3770 Quodsi

322 3819 388 3867 aon
402 3817 514 3866 omncs
530 3803 592 3866 eto.
623 3795 745 3866 Datum
760 3801 860 3868 Rome
871 3799 959 3870 XVI.
970 3799 1044 3867 Kal.
1055 3796 1203 3868 Octobris
1213 3795 1435 3887 (Pontificatue

240 3933 244 3943 ·
322 3905 439 3996 nostri)
454 3927 540 3976 auno
560 3903 702 4016 decimo.¹

339 4093 344 4096 ’
429 4081 493 4159 (nt
509 4081 654 4152 Honorius
671 4079 749 4158 pipo
766 4082 960 4159 Regesttibot,
982 4081 1108 4168 Tbeiaer
1126 4082 1164 4144 id.
1183 4099 1221 4146 m.
1240 4084 1283 4144 at.
1302 4083 1347 4160 l).

755 4328 867 4343 ...ο-οι*
872 4333 1001 4347 nan—n·-
