3222 5054
329 987 387 1052 IX.
402 981 535 1084 Gcrpcly
543 987 636 1072 pcipe
651 1004 689 1047 uz
705 983 888 1070 ermerpami
902 983 987 1049 eraclo
1003 985 1034 1049 do
1048 971 1069 1048 u
1078 971 1309 1072 paacoabalmi
1323 993 1400 1076 apat

324 1192 327 1198 Ι
449 1093 533 1158 kb'zta’
546 1091 813 1190 eppeoetleostpeb
827 1091 963 1180 dpyc'bca
977 1093 1162 1164 iuteakcdilc.
1179 1097 1277 1163 1227.

413 1361 588 1448 Gregorius
613 1360 794 1448 Episcopus
819 1381 932 1430 seruus
958 1383 1122 1433 seruorum
1146 1363 1210 1434 Dei
1239 1367 1421 1435 venerabili

169 1533 170 1544 ,
305 1473 449 1541 fratri
468 1471 652 1556 ,Episcopo
669 1468 951 1537 etdilectisfiliis.
970 1519 978 1536 .
997 1520 1004 1536 .
1021 1473 1200 1560 Preposito,
1219 1483 1270 1543 et.
1287 1525 1295 1540 .
1313 1525 1321 1542 .
1339 1475 1421 1543 Gen·

305 1584 368 1650 tori
383 1579 564 1662 Georiensi,
581 1579 719 1644 salutem
735 1583 767 1642 et
783 1578 1006 1662 Apostolicam
1021 1579 1289 1648 benedictionem.
1303 1581 1423 1650 Dileoti

305 1689 364 1756 filii
381 1737 388 1753 .
407 1737 414 1753 .
432 1737 439 1752 .
456 1688 569 1754 Abbas
586 1693 620 1753 et
635 1685 819 1754 Conuentus
836 1686 949 1754 Sancti
965 1687 1095 1754 Martini
1120 1689 1153 1754 iu
1178 1689 1346 1768 Pannonia
1364 1709 1423 1758 sua

306 1797 400 1865 nobis
416 1797 631 1864 insinuatione
647 1801 882 1874 monstrarunt,
909 1797 995 1880 qnod
1020 1816 1093 1862 cum
1111 1797 1309 1865 venerabilis
1324 1796 1424 1866 trater

307 1913 463 1976 noster..
482 1955 490 1970 .
508 1955 515 1970 .
547 1903 816 1991 Archiepiscopus
833 1903 1052 1990 Srigoniensis
1078 1912 1155 1972 tunc
1170 1905 1423 1993 vesprimiensis

306 2016 489 2099 Episcopus
512 2012 676 2096 quandam
703 2031 814 2078 eorum
839 2011 998 2097 capellam
1024 2031 1094 2078 cum
1121 2013 1187 2080 suis
1202 2011 1361 2082 hedificiis
1377 2013 1422 2080 in·

307 2122 402 2190 cendi
417 2121 530 2188 fecerit
539 2172 549 2205 ‚
575 2128 608 2186 et
631 2117 808 2189 monachos
834 2121 1012 2188 existentes
1029 2121 1149 2188 ibidem
1165 2121 1259 2188 bonis
1276 2122 1423 2189 omnibus

309 2231 451 2316 spoliari,
468 2235 501 2296 et
517 2249 589 2296 cum
604 2249 702 2316 super
717 2229 779 2296 hoc
790 2229 1065 2298 advenerabilem
1076 2229 1209 2297 fratrem
1220 2238 1385 2296 nostrum.
1397 2277 1423 2294 ..

308 2333 520 2407 Goloc'ensom
535 2338 823 2424 Archiepiscepum
839 2345 872 2406 et
887 2357 963 2405 suos
980 2340 1123 2421 collegas
1143 2338 1350 2425 Apostolieas
1375 2339 1423 2405 lit-

308 2458 396 2516 teras
421 2447 666 2532 impetrassent,
693 2447 797 2514 dictus
816 2446 1049 2546 Strigouiensis
1066 2445 1184 2514 Sedem
1201 2445 1424 2533 Apostolieam

308 2554 518 2641 appellasset,
536 2553 595 2634 sed
610 2555 863 2639 appellationem
880 2573 972 2622 suam
987 2575 1051 2622 non
1068 2563 1119 2623 est
1133 2553 1219 2634 infre
1234 2562 1363 2642 tempus
1380 2553 1423 2620 le-

308 2662 456 2749 gitimum
471 2669 667 2749 prosecutus.
685 2662 827 2746 Ideoque
843 2663 1032 2732 discretioni
1047 2671 1155 2732 vestre
1165 2683 1225 2750 per
1235 2663 1423 2750 Apostolica

308 2769 430 2856 scriptu
453 2767 662 2854 mandamus,
688 2775 845 2852 quatenus
861 2771 890 2837 si
905 2779 956 2838 est
971 2773 1037 2856 ila,
1061 2772 1226 2856 negotium
1242 2769 1286 2836 ad
1300 2771 1424 2858 priores

259 2860 261 2869 Α
307 2877 432 2946 indices
447 2877 636 2964 remittetis5
654 2879 799 2961 alioquin
815 2879 1065 2964 supersedentes
1081 2879 1196 2958 eidem,
1212 2879 1422 2965 condempne-

309 2987 352 3056 tis
368 2987 402 3053 in
419 2987 571 3072 expensis
586 2987 740 3074 legitimis
757 2989 977 3074 impetrantes.
998 2985 1092 3066 Quod
1108 2988 1136 3054 si
1152 3007 1215 3054 non
1233 3007 1345 3054 omnes
1361 2989 1424 3074 hijs

299 3095 508 3180 exequendis
523 3096 671 3182 poteritis
686 3095 863 3180 interesse,
887 3103 920 3162 tu
936 3094 1036 3164 irater
1049 3097 1213 3184 Episcope
1229 3115 1300 3162 eum
1317 3115 1426 3163 eorum

309 3209 413 3274 altero
429 3225 470 3271 ca
484 3204 710 3272 nichilominus
727 3205 909 3290 exequaris.
935 3205 1056 3272 Datum
1073 3205 1222 3290 Anagnie
1237 3203 1340 3271 XVII.
1359 3205 1423 3271 kal.

311 3313 473 3398 Octobris,
493 3311 703 3381 Pontificatus
718 3315 821 3418 nostri
835 3335 922 3398 ‘anno
938 3315 1052 3402 primo.

466 3581 610 3656 (Eredetie
627 3599 645 3638 a
662 3579 873 3640 sucnbmlrtoni
892 3579 1040 3656 lbapdtseg
1052 3577 1271 3650 levdlblrdbsn).
