3222 5054
648 845 727 914 tat.

111 1023 173 1091 IX.
191 1021 328 1112 Herpely
336 1027 429 1110 pcipe
444 1047 465 1089 a
475 1018 602 1106 ,Garum
617 1023 747 1092 melletti
770 1026 1020 1122 scant-decedelct‘
1043 1031 1243 1119 oepdtectpoolc

112 1131 308 1220 mspcnpedc',
323 1131 402 1219 bopy
417 1131 550 1218 epybdzi
563 1131 769 1198 interdictum
780 1132 922 1222 c'dejcberr
936 1135 966 1200 s'e
980 1135 1125 1225 bizocyoe
1138 1138 1249 1206 berla*

299 1237 353 1306 tole
366 1237 439 1304 lecet
453 1259 492 1303 az
506 1237 749 1306 incommotos
762 1236 946 1326 tepesco.
966 1243 1064 1310 1232.

224 1415 402 1502 Gregorius
420 1415 605 1503 Episcopus
629 1435 744 1484 seruus
760 1436 928 1512 seruorum
944 1419 1007 1489 Dei
1023 1419 1151 1490 dilectis
1166 1421 1242 1491 filiis

113 1525 239 1593 Abbati
254 1532 287 1592 et
303 1524 484 1594 Conuentui
506 1525 620 1592 Sancti
635 1523 805 1593 Benedicti
821 1526 863 1593 de
879 1528 991 1596 Graue
1007 1527 1140 1597 Ordinis
1156 1532 1242 1600 San-

114 1635 157 1700 cti
179 1631 352 1700 Benedicti
374 1631 610 1715 strigoniensis
633 1631 786 1701 Diocesis
809 1637 952 1709 salutem
967 1643 1001 1703 et
1016 1637 1241 1722 Apostolicam

114 1739 385 1808 benedictionem.
409 1741 564 1825 Suseepti
579 1758 658 1806 cura
674 1741 850 1826 regiminis,
868 1759 931 1826 que
948 1741 1027 1810 tacit
1043 1764 1103 1811 nos
1120 1751 1153 1811 et
1169 1744 1240 1811 red·

114 1847 162 1914 dit
177 1847 328 1915 omnibus
345 1846 519 1930 debitores,
543 1865 603 1913 nos
626 1855 791 1916 ammonet
812 1845 895 1916 locis
918 1849 1082 1933 religiosis
1102 1851 1242 1934 diligen-

113 1957 194 2025 tiam
219 1955 407 2043 impendere
431 1954 634 2041 specialem,
657 1977 698 2022 nc
723 1963 779 2022 ant
796 1955 884 2024 Ordo
909 1956 1031 2025 ibidem
1047 1957 1239 2025 constitutus

113 2065 226 2148 aliqua
240 2064 347 2150 possit
365 2061 539 2129 occasione
556 2059 707 2148 destitui,
732 2083 790 2130 seu
810 2065 1056 2148 grauaminibus
1073 2065 1126 2131 vel
1141 2065 1240 2133 mole·

112 2172 187 2239 stiis
212 2169 395 2254 aliquorum
420 2167 598 2236 secundum
624 2170 832 2257 propositum
866 2172 1029 2258 impediri.
1060 2173 1246 2259 Eapropter

112 2279 226 2347 dilecti
248 2279 283 2346 in
302 2278 442 2344 Domino
458 2276 517 2344 lilii
527 2328 536 2362 ,
552 2277 672 2345 vestris
690 2279 982 2366 supplicationibus
997 2279 1144 2348 inclinati
1166 2300 1244 2367 pre-

113 2387 259 2454 sentium
274 2385 371 2452 robis
396 2385 599 2453 authoritate
623 2387 841 2470 concedimus,
864 2394 901 2454 ut
919 2408 991 2454 cum
1009 2388 1178 2456 credamus
1197 2390 1244 2455 in·

111 2494 245 2578 dignum
261 2492 395 2561 alaude
411 2493 536 2560 Diuins
558 2492 629 2560 sine
645 2500 758 2560 uestra
774 2494 871 2580 culpa
888 2515 1030 2580 cessare,
1048 2517 1120 2563 eum
1140 2516 1240 2581 gene-

111 2605 184 2670 rale
201 2603 408 2670 interdictum
425 2609 516 2669 terre
532 2601 641 2688 fuerit,
657 2601 750 2669 vobis
767 2604 810 2669 sit
827 2603 967 2688 licitum,
984 2603 1108 2672 clausis
1124 2603 1243 2691 januis,

112 2713 404 2780 excommunicatis
427 2719 459 2778 et
482 2711 664 2778 interdictis
688 2710 840 2796 exclusis,
864 2729 931 2778 non
952 2715 1093 2800 pulsatis
1113 2734 1243 2803 campa-

113 2823 164 2889 nis
173 2873 183 2906 ‚
202 2840 383 2908 suppressa
399 2837 479 2887 voce
495 2820 664 2888 celebrare
680 2819 821 2908 Divina,
837 2818 1014 2911 dummodo
1031 2821 1153 2890 nnllam
1169 2841 1242 2891 eau-

111 2951 183 2998 ssm
199 2928 373 2995 interdicto
391 2925 566 3010 dederitis,
582 2929 639 2995 vel
658 2925 719 2994 hoc
735 2925 843 3015 ipsum
862 2928 956 2998 vobis
972 2949 1037 2996 non
1053 2929 1151 2996 fuerit
1167 2951 1239 3016 spe-

110 3039 239 3106 cialiter
254 3034 468 3103 interdictum.
492 3035 584 3102 Nulli
599 3055 677 3122 ergo
694 3037 825 3102 omnino
842 3036 1006 3104 hominum
1029 3038 1129 3105 liceat
1152 3036 1239 3105 hano

111 3145 268 3232 paginam
283 3149 393 3210 nostre
408 3143 631 3211 concessionis
647 3143 827 3230 intringere
844 3144 897 3212 vel
913 3145 944 3210 ei
961 3163 1043 3212 cusu
1066 3148 1240 3214 temerario

111 3250 284 3321 contraire.
303 3251 339 3318 si
355 3252 427 3335 quis
443 3257 551 3317 autem
569 3250 630 3316 hoc
645 3257 809 3318 attentare
823 3251 1065 3337 presumpserit,
1086 3252 1235 3334 indigna·

110 3363 232 3429 tionem
250 3359 490 3446 Omnipotentis
506 3361 570 3427 Dei
585 3365 619 3426 et
634 3359 808 3427 Beatorum
831 3357 921 3425 Petri
937 3367 968 3426 et
983 3359 1082 3426 Pauli
1096 3361 1235 3445 Aposto-

111 3473 220 3539 cor'um
246 3471 317 3536 eius
340 3489 378 3537 se
400 3469 530 3536 noverit
554 3469 769 3537 incursurum.
795 3469 917 3536 Datum
932 3467 1081 3554 Anagnie
1096 3469 1154 3535 Xl.
1172 3469 1240 3535 lral.

1 3639 2 3658 2
111 3577 324 3666 Septembris.
349 3576 562 3645 Pontificatus
578 3577 681 3644 nostri
699 3597 785 3644 anno
802 3581 908 3645 sexto.

1 3719 2 3790 ἶ
110 3751 945 3826 neumarrsearmugyupemenyeuonxnrvuorsern.
958 3753 1236 3826 conspeculemur-

109 3843 300 3918 romsnyooen
313 3844 362 3902 ιν.
376 3845 435 3904 scr.
447 3845 510 3904 soc.
523 3845 543 3900 1.
560 3845 595 3902 v.
610 3849 636 3900 c.
648 3844 755 3916 sojee,
774 3842 933 3916 conspr.
946 3842 996 3902 nr.
1010 3843 1038 3901 s.
1052 3843 1079 3898 a.
1093 3863 1116 3901 r.
1129 3841 1233 3916 sear,

435 3935 485 3993 hol
497 3935 628 3994 auonban
641 3933 724 3994 hibtr
737 3951 771 3992 aa
784 3931 922 4006 tussim.)

560 4199 808 4212 --ι-μι--ι--ι-
