<?xml version="1.0" encoding="UTF-8"?>
<!DOCTYPE html PUBLIC "-//W3C//DTD XHTML 1.0 Transitional//EN"
    "http://www.w3.org/TR/xhtml1/DTD/xhtml1-transitional.dtd">
<html xmlns="http://www.w3.org/1999/xhtml" xml:lang="en" lang="en">
 <head>
  <title>
</title>
<meta http-equiv="Content-Type" content="text/html;charset=utf-8" />
  <meta name='ocr-system' content='tesseract 3.04.00' />
  <meta name='ocr-capabilities' content='ocr_page ocr_carea ocr_par ocr_line ocrx_word'/>
</head>
<body>
  <div class='ocr_page' id='page_1' title='image "./codexdiplomatic20wenzgoog_0393.png"; bbox 0 0 3198 5058; ppageno 0'>
   <div class='ocr_carea' id='block_1_1' title="bbox 260 1023 1382 1224">
    <p class='ocr_par' dir='ltr' id='par_1_1' title="bbox 260 1023 1382 1224">
     <span class='ocr_line' id='line_1_1' title="bbox 260 1023 1382 1122; baseline -0.004 -23"><span class='ocrx_word' id='word_1_1' title='bbox 260 1033 320 1102; x_wconf 77' lang='lat' dir='ltr'><strong>IX.</strong></span> <span class='ocrx_word' id='word_1_2' title='bbox 339 1031 474 1119; x_wconf 73' lang='lat' dir='ltr'><strong>Gorpolp</strong></span> <span class='ocrx_word' id='word_1_3' title='bbox 483 1033 576 1122; x_wconf 67' lang='lat' dir='ltr'><strong>popo</strong></span> <span class='ocrx_word' id='word_1_4' title='bbox 592 1051 614 1094; x_wconf 83' lang='lat' dir='ltr'><strong><em>a</em></strong></span> <span class='ocrx_word' id='word_1_5' title='bbox 630 1027 678 1095; x_wconf 94' lang='grc' dir='ltr'><strong>ΙΙ.</strong></span> <span class='ocrx_word' id='word_1_6' title='bbox 693 1025 804 1092; x_wconf 72' lang='lat' dir='ltr'><strong>Esurire</strong></span> <span class='ocrx_word' id='word_1_7' title='bbox 827 1023 985 1114; x_wconf 73' lang='lat' dir='ltr'><strong>loir-dlytcll</strong></span> <span class='ocrx_word' id='word_1_8' title='bbox 1003 1029 1146 1115; x_wconf 69' lang='lat' dir='ltr'><strong>oJoonan</strong></span> <span class='ocrx_word' id='word_1_9' title='bbox 1164 1025 1316 1116; x_wconf 77' lang='lat' dir='ltr'><strong>fopodott</strong></span> <span class='ocrx_word' id='word_1_10' title='bbox 1330 1027 1382 1094; x_wconf 74' lang='lat' dir='ltr'><strong>les-</strong></span> 
     </span>
     <span class='ocr_line' id='line_1_2' title="bbox 337 1135 1197 1224; baseline -0.003 -20"><span class='ocrx_word' id='word_1_11' title='bbox 337 1185 340 1194; x_wconf 78' lang='lat'>·</span> <span class='ocrx_word' id='word_1_12' title='bbox 442 1148 556 1208; x_wconf 73' lang='lat' dir='ltr'><strong>resetso</strong></span> <span class='ocrx_word' id='word_1_13' title='bbox 570 1135 765 1224; x_wconf 73' lang='lat' dir='ltr'><strong>tadjeraoa</strong></span> <span class='ocrx_word' id='word_1_14' title='bbox 788 1137 880 1201; x_wconf 65' lang='lat' dir='ltr'><strong>otene</strong></span> <span class='ocrx_word' id='word_1_15' title='bbox 894 1135 1081 1202; x_wconf 72' lang='lat' dir='ltr'><strong>iotezkodik.</strong></span> <span class='ocrx_word' id='word_1_16' title='bbox 1099 1136 1197 1202; x_wconf 79' lang='lat'><strong><em>1235.</em></strong></span> 
     </span>
    </p>
   </div>
   <div class='ocr_carea' id='block_1_2' title="bbox 258 1328 1383 2820">
    <p class='ocr_par' dir='ltr' id='par_1_2' title="bbox 258 1328 1383 2820">
     <span class='ocr_line' id='line_1_3' title="bbox 367 1328 1378 1421; baseline -0.004 -18"><span class='ocrx_word' id='word_1_17' title='bbox 367 1333 544 1421; x_wconf 77' lang='lat' dir='ltr'>Gregorius</span> <span class='ocrx_word' id='word_1_18' title='bbox 576 1331 758 1419; x_wconf 76' lang='lat' dir='ltr'><strong>Episcopus</strong></span> <span class='ocrx_word' id='word_1_19' title='bbox 789 1339 850 1398; x_wconf 86' lang='lat' dir='ltr'><strong>ete.</strong></span> <span class='ocrx_word' id='word_1_20' title='bbox 882 1328 1052 1398; x_wconf 79' lang='lat' dir='ltr'><strong>oerissimo</strong></span> <span class='ocrx_word' id='word_1_21' title='bbox 1083 1329 1116 1396; x_wconf 91' lang='lat' dir='ltr'><strong>in</strong></span> <span class='ocrx_word' id='word_1_22' title='bbox 1150 1330 1280 1399; x_wconf 80' lang='lat' dir='ltr'><strong>Christo</strong></span> <span class='ocrx_word' id='word_1_23' title='bbox 1310 1331 1378 1400; x_wconf 88' lang='lat' dir='ltr'><strong>lilio</strong></span> 
     </span>
     <span class='ocr_line' id='line_1_4' title="bbox 260 1437 1380 1531; baseline -0.005 -19"><span class='ocrx_word' id='word_1_24' title='bbox 260 1439 420 1531; x_wconf 78' lang='lat' dir='ltr'><strong>A(u‹lree)</strong></span> <span class='ocrx_word' id='word_1_25' title='bbox 445 1442 571 1510; x_wconf 86' lang='lat' dir='ltr'><strong>Illustri</strong></span> <span class='ocrx_word' id='word_1_26' title='bbox 586 1440 669 1526; x_wconf 79' lang='lat' dir='ltr'><strong>Regi</strong></span> <span class='ocrx_word' id='word_1_27' title='bbox 684 1438 832 1524; x_wconf 81' lang='lat' dir='ltr'><strong>Ungarie</strong></span> <span class='ocrx_word' id='word_1_28' title='bbox 847 1439 992 1506; x_wconf 83' lang='lat' dir='ltr'><strong>salntem</strong></span> <span class='ocrx_word' id='word_1_29' title='bbox 1007 1445 1068 1504; x_wconf 87' lang='lat' dir='ltr'><strong>elo.</strong></span> <span class='ocrx_word' id='word_1_30' title='bbox 1100 1437 1272 1524; x_wconf 81' lang='lat' dir='ltr'><strong>Indignum</strong></span> <span class='ocrx_word' id='word_1_31' title='bbox 1287 1447 1320 1508; x_wconf 87' lang='lat' dir='ltr'><strong>et</strong></span> <span class='ocrx_word' id='word_1_32' title='bbox 1334 1439 1380 1506; x_wconf 92' lang='lat' dir='ltr'><strong>in·</strong></span> 
     </span>
     <span class='ocr_line' id='line_1_5' title="bbox 260 1545 1380 1632; baseline -0.005 -14"><span class='ocrx_word' id='word_1_33' title='bbox 260 1551 457 1618; x_wconf 80' lang='lat' dir='ltr'><strong>conveniens</strong></span> <span class='ocrx_word' id='word_1_34' title='bbox 481 1547 647 1616; x_wconf 82' lang='lat' dir='ltr'><strong>videretur</strong></span> <span class='ocrx_word' id='word_1_35' title='bbox 656 1599 665 1632; x_wconf 90' lang='lat'><em>,</em></span> <span class='ocrx_word' id='word_1_36' title='bbox 693 1548 722 1614; x_wconf 89' lang='lat' dir='ltr'><strong>si</strong></span> <span class='ocrx_word' id='word_1_37' title='bbox 741 1554 774 1612; x_wconf 86' lang='lat' dir='ltr'><strong>te</strong></span> <span class='ocrx_word' id='word_1_38' title='bbox 799 1553 965 1632; x_wconf 82' lang='lat' dir='ltr'><strong>oporteret</strong></span> <span class='ocrx_word' id='word_1_39' title='bbox 980 1545 1026 1613; x_wconf 80' lang='lat' dir='ltr'><strong>ad</strong></span> <span class='ocrx_word' id='word_1_40' title='bbox 1041 1553 1128 1612; x_wconf 88' lang='lat' dir='ltr'><strong>terre</strong></span> <span class='ocrx_word' id='word_1_41' title='bbox 1144 1555 1259 1615; x_wconf 83' lang='lat' dir='ltr'><strong>sancte</strong></span> <span class='ocrx_word' id='word_1_42' title='bbox 1275 1545 1380 1614; x_wconf 87' lang='lat' dir='ltr'><strong>subsi-</strong></span> 
     </span>
     <span class='ocr_line' id='line_1_6' title="bbox 261 1654 1383 1742; baseline -0.004 -16"><span class='ocrx_word' id='word_1_43' title='bbox 261 1659 348 1728; x_wconf 85' lang='lat' dir='ltr'>dium</span> <span class='ocrx_word' id='word_1_44' title='bbox 364 1659 439 1724; x_wconf 81' lang='lat' dir='ltr'><strong>oliis</strong></span> <span class='ocrx_word' id='word_1_45' title='bbox 455 1674 612 1742; x_wconf 78' lang='lat' dir='ltr'><strong>erogare,</strong></span> <span class='ocrx_word' id='word_1_46' title='bbox 638 1655 724 1722; x_wconf 87' lang='lat' dir='ltr'><strong>undo</strong></span> <span class='ocrx_word' id='word_1_47' title='bbox 740 1655 844 1742; x_wconf 86' lang='lat' dir='ltr'><strong>ipsius</strong></span> <span class='ocrx_word' id='word_1_48' title='bbox 860 1661 947 1721; x_wconf 90' lang='lat' dir='ltr'><strong>terre</strong></span> <span class='ocrx_word' id='word_1_49' title='bbox 962 1654 1155 1720; x_wconf 78' lang='lat' dir='ltr'><strong>necessitati</strong></span> <span class='ocrx_word' id='word_1_50' title='bbox 1171 1655 1291 1722; x_wconf 86' lang='lat' dir='ltr'><strong>emisso</strong></span> <span class='ocrx_word' id='word_1_51' title='bbox 1306 1661 1383 1722; x_wconf 86' lang='lat' dir='ltr'><strong>voto</strong></span> 
     </span>
     <span class='ocr_line' id='line_1_7' title="bbox 259 1752 1382 1851; baseline -0.004 -17"><span class='ocrx_word' id='word_1_52' title='bbox 259 1752 382 1834; x_wconf 82' lang='lat' dir='ltr'><strong>teneris</strong></span> <span class='ocrx_word' id='word_1_53' title='bbox 397 1763 569 1851; x_wconf 79' lang='lat' dir='ltr'><strong>magnifiee</strong></span> <span class='ocrx_word' id='word_1_54' title='bbox 586 1761 768 1830; x_wconf 81' lang='lat' dir='ltr'><strong>subvenire.</strong></span> <span class='ocrx_word' id='word_1_55' title='bbox 789 1763 869 1830; x_wconf 78' lang='lat' dir='ltr'><strong>Cum</strong></span> <span class='ocrx_word' id='word_1_56' title='bbox 887 1763 1015 1846; x_wconf 74' lang='lat' dir='ltr'><strong>itaque,</strong></span> <span class='ocrx_word' id='word_1_57' title='bbox 1036 1762 1120 1830; x_wconf 88' lang='lat' dir='ltr'><strong>siout</strong></span> <span class='ocrx_word' id='word_1_58' title='bbox 1135 1768 1193 1829; x_wconf 83' lang='lat' dir='ltr'><strong>tuo</strong></span> <span class='ocrx_word' id='word_1_59' title='bbox 1208 1763 1301 1832; x_wconf 88' lang='lat' dir='ltr'><strong>nobis</strong></span> <span class='ocrx_word' id='word_1_60' title='bbox 1318 1763 1382 1829; x_wconf 78' lang='lat' dir='ltr'><strong>llx-</strong></span> 
     </span>
     <span class='ocr_line' id='line_1_8' title="bbox 259 1869 1382 1959; baseline -0.004 -18"><span class='ocrx_word' id='word_1_61' title='bbox 259 1874 414 1942; x_wconf 82' lang='lat' dir='ltr'><strong>eellentia</strong></span> <span class='ocrx_word' id='word_1_62' title='bbox 429 1871 601 1959; x_wconf 78' lang='lat' dir='ltr'><strong>intimavit,</strong></span> <span class='ocrx_word' id='word_1_63' title='bbox 618 1873 689 1938; x_wconf 83' lang='lat' dir='ltr'><strong>zelo</strong></span> <span class='ocrx_word' id='word_1_64' title='bbox 704 1869 781 1937; x_wconf 85' lang='lat' dir='ltr'><strong>fidoi</strong></span> <span class='ocrx_word' id='word_1_65' title='bbox 796 1878 828 1937; x_wconf 90' lang='lat' dir='ltr'><strong>et</strong></span> <span class='ocrx_word' id='word_1_66' title='bbox 844 1870 1027 1938; x_wconf 84' lang='lat' dir='ltr'><strong>devotionis</strong></span> <span class='ocrx_word' id='word_1_67' title='bbox 1044 1889 1203 1938; x_wconf 77' lang='lat' dir='ltr'><strong>aecensus</strong></span> <span class='ocrx_word' id='word_1_68' title='bbox 1230 1871 1272 1938; x_wconf 89' lang='lat' dir='ltr'><strong>de</strong></span> <span class='ocrx_word' id='word_1_69' title='bbox 1297 1889 1382 1938; x_wconf 87' lang='lat' dir='ltr'><strong>novo</strong></span> 
     </span>
     <span class='ocr_line' id='line_1_9' title="bbox 260 1977 1381 2068; baseline -0.002 -20"><span class='ocrx_word' id='word_1_70' title='bbox 260 1983 387 2068; x_wconf 81' lang='lat' dir='ltr'><strong>siguum</strong></span> <span class='ocrx_word' id='word_1_71' title='bbox 403 1983 507 2048; x_wconf 80' lang='lat' dir='ltr'><strong>erneis</strong></span> <span class='ocrx_word' id='word_1_72' title='bbox 523 1981 692 2065; x_wconf 84' lang='lat' dir='ltr'><strong>nooeperis</strong></span> <span class='ocrx_word' id='word_1_73' title='bbox 709 1981 754 2047; x_wconf 87' lang='lat' dir='ltr'><strong>od</strong></span> <span class='ocrx_word' id='word_1_74' title='bbox 769 1978 958 2064; x_wconf 84' lang='lat' dir='ltr'><strong>obsequium</strong></span> <span class='ocrx_word' id='word_1_75' title='bbox 976 1977 1139 2064; x_wconf 71' lang='lat' dir='ltr'><strong>emolliri,</strong></span> <span class='ocrx_word' id='word_1_76' title='bbox 1168 1987 1202 2045; x_wconf 88' lang='lat' dir='ltr'><strong>ut</strong></span> <span class='ocrx_word' id='word_1_77' title='bbox 1222 1980 1253 2046; x_wconf 88' lang='lat' dir='ltr'><strong>ei</strong></span> <span class='ocrx_word' id='word_1_78' title='bbox 1271 1997 1381 2064; x_wconf 73' lang='lat' dir='ltr'><strong>qnem-</strong></span> 
     </span>
     <span class='ocr_line' id='line_1_10' title="bbox 261 2085 1382 2172; baseline -0.004 -16"><span class='ocrx_word' id='word_1_79' title='bbox 261 2087 310 2156; x_wconf 88' lang='lat' dir='ltr'><strong>vis</strong></span> <span class='ocrx_word' id='word_1_80' title='bbox 326 2108 391 2156; x_wconf 89' lang='lat' dir='ltr'><strong>non</strong></span> <span class='ocrx_word' id='word_1_81' title='bbox 407 2109 449 2155; x_wconf 85' lang='lat' dir='ltr'><strong>ex</strong></span> <span class='ocrx_word' id='word_1_82' title='bbox 466 2087 627 2172; x_wconf 78' lang='lat' dir='ltr'><strong>condigno</strong></span> <span class='ocrx_word' id='word_1_83' title='bbox 642 2086 804 2152; x_wconf 79' lang='lat' dir='ltr'><strong>retribuas</strong></span> <span class='ocrx_word' id='word_1_84' title='bbox 829 2105 887 2172; x_wconf 91' lang='lat' dir='ltr'><strong>pro</strong></span> <span class='ocrx_word' id='word_1_85' title='bbox 907 2087 1083 2154; x_wconf 86' lang='lat' dir='ltr'><strong>innumeris</strong></span> <span class='ocrx_word' id='word_1_86' title='bbox 1109 2085 1296 2166; x_wconf 86' lang='lat' dir='ltr'><strong>benefieiis,</strong></span> <span class='ocrx_word' id='word_1_87' title='bbox 1320 2105 1382 2170; x_wconf 86' lang='lat' dir='ltr'><strong>quo</strong></span> 
     </span>
     <span class='ocr_line' id='line_1_11' title="bbox 260 2193 1381 2280; baseline -0.003 -17"><span class='ocrx_word' id='word_1_88' title='bbox 260 2193 394 2263; x_wconf 85' lang='lat' dir='ltr'><strong>eontulit</strong></span> <span class='ocrx_word' id='word_1_89' title='bbox 418 2195 490 2280; x_wconf 89' lang='lat' dir='ltr'><strong>ipso</strong></span> <span class='ocrx_word' id='word_1_90' title='bbox 514 2195 594 2260; x_wconf 86' lang='lat' dir='ltr'><strong>tibi:</strong></span> <span class='ocrx_word' id='word_1_91' title='bbox 619 2213 679 2261; x_wconf 86' lang='lat' dir='ltr'><strong>uos</strong></span> <span class='ocrx_word' id='word_1_92' title='bbox 696 2193 891 2260; x_wconf 83' lang='lat' dir='ltr'><strong>Serenitatis</strong></span> <span class='ocrx_word' id='word_1_93' title='bbox 909 2201 963 2260; x_wconf 88' lang='lat' dir='ltr'><strong>tue</strong></span> <span class='ocrx_word' id='word_1_94' title='bbox 980 2193 1275 2280; x_wconf 78' lang='lat' dir='ltr'><strong>supplicationibus</strong></span> <span class='ocrx_word' id='word_1_95' title='bbox 1291 2195 1381 2260; x_wconf 87' lang='lat' dir='ltr'><strong>inoli-</strong></span> 
     </span>
     <span class='ocr_line' id='line_1_12' title="bbox 259 2299 1381 2388; baseline -0.001 -18"><span class='ocrx_word' id='word_1_96' title='bbox 259 2302 330 2370; x_wconf 86' lang='lat' dir='ltr'><strong>noti</strong></span> <span class='ocrx_word' id='word_1_97' title='bbox 344 2303 541 2368; x_wconf 76' lang='lat' dir='ltr'><strong>auctoritate</strong></span> <span class='ocrx_word' id='word_1_98' title='bbox 556 2299 617 2366; x_wconf 85' lang='lat' dir='ltr'><strong>tibi</strong></span> <span class='ocrx_word' id='word_1_99' title='bbox 631 2303 831 2388; x_wconf 88' lang='lat' dir='ltr'><strong>presentium</strong></span> <span class='ocrx_word' id='word_1_100' title='bbox 847 2299 1062 2387; x_wconf 85' lang='lat' dir='ltr'><strong>indulgemus,</strong></span> <span class='ocrx_word' id='word_1_101' title='bbox 1076 2303 1110 2368; x_wconf 85' lang='lat' dir='ltr'><strong>ut</strong></span> <span class='ocrx_word' id='word_1_102' title='bbox 1119 2307 1152 2368; x_wconf 84' lang='lat' dir='ltr'><strong>te</strong></span> <span class='ocrx_word' id='word_1_103' title='bbox 1162 2309 1381 2388; x_wconf 87' lang='lat' dir='ltr'><strong>prosequente</strong></span> 
     </span>
     <span class='ocr_line' id='line_1_13' title="bbox 259 2408 1381 2497; baseline 0.003 -22"><span class='ocrx_word' id='word_1_104' title='bbox 259 2409 476 2496; x_wconf 79' lang='lat' dir='ltr'><strong>personaliter</strong></span> <span class='ocrx_word' id='word_1_105' title='bbox 499 2414 610 2476; x_wconf 80' lang='lat' dir='ltr'><strong>votnm</strong></span> <span class='ocrx_word' id='word_1_106' title='bbox 635 2429 738 2497; x_wconf 88' lang='lat' dir='ltr'><strong>nuper</strong></span> <span class='ocrx_word' id='word_1_107' title='bbox 763 2408 936 2494; x_wconf 88' lang='lat' dir='ltr'><strong>emissum,</strong></span> <span class='ocrx_word' id='word_1_108' title='bbox 962 2417 995 2476; x_wconf 89' lang='lat' dir='ltr'><strong>et</strong></span> <span class='ocrx_word' id='word_1_109' title='bbox 1019 2411 1063 2477; x_wconf 83' lang='lat' dir='ltr'><strong>ad</strong></span> <span class='ocrx_word' id='word_1_110' title='bbox 1078 2411 1267 2478; x_wconf 79' lang='lat' dir='ltr'><strong>mandatum</strong></span> <span class='ocrx_word' id='word_1_111' title='bbox 1283 2411 1381 2478; x_wconf 87' lang='lat' dir='ltr'><strong>Sedis</strong></span> 
     </span>
     <span class='ocr_line' id='line_1_14' title="bbox 259 2517 1382 2607; baseline 0.001 -22"><span class='ocrx_word' id='word_1_112' title='bbox 259 2518 451 2604; x_wconf 85' lang='lat' dir='ltr'><strong>Apostolios</strong></span> <span class='ocrx_word' id='word_1_113' title='bbox 476 2525 684 2601; x_wconf 76' lang='lat' dir='ltr'><strong>transeunte,</strong></span> <span class='ocrx_word' id='word_1_114' title='bbox 713 2518 758 2585; x_wconf 84' lang='lat' dir='ltr'><strong>nd</strong></span> <span class='ocrx_word' id='word_1_115' title='bbox 780 2517 1035 2602; x_wconf 88' lang='lat' dir='ltr'><strong>redemptionem</strong></span> <span class='ocrx_word' id='word_1_116' title='bbox 1061 2521 1179 2607; x_wconf 87' lang='lat' dir='ltr'><strong>prioris</strong></span> <span class='ocrx_word' id='word_1_117' title='bbox 1195 2519 1382 2588; x_wconf 76' lang='lat' dir='ltr'><strong>nullatenus</strong></span> 
     </span>
     <span class='ocr_line' id='line_1_15' title="bbox 258 2624 1382 2709; baseline 0.002 -19"><span class='ocrx_word' id='word_1_118' title='bbox 258 2626 413 2693; x_wconf 79' lang='lat' dir='ltr'><strong>tenearis.</strong></span> <span class='ocrx_word' id='word_1_119' title='bbox 444 2625 535 2692; x_wconf 83' lang='lat' dir='ltr'><strong>Nulli</strong></span> <span class='ocrx_word' id='word_1_120' title='bbox 560 2644 637 2709; x_wconf 78' lang='lat' dir='ltr'><strong>ergo</strong></span> <span class='ocrx_word' id='word_1_121' title='bbox 663 2635 725 2692; x_wconf 87' lang='lat' dir='ltr'><strong>eto.</strong></span> <span class='ocrx_word' id='word_1_122' title='bbox 756 2625 880 2708; x_wconf 86' lang='lat' dir='ltr'><strong>Siquis</strong></span> <span class='ocrx_word' id='word_1_123' title='bbox 897 2631 1007 2692; x_wconf 82' lang='lat' dir='ltr'><strong>antem</strong></span> <span class='ocrx_word' id='word_1_124' title='bbox 1024 2633 1086 2694; x_wconf 86' lang='lat' dir='ltr'><strong>eto.</strong></span> <span class='ocrx_word' id='word_1_125' title='bbox 1116 2624 1239 2694; x_wconf 85' lang='lat' dir='ltr'><strong>Datum</strong></span> <span class='ocrx_word' id='word_1_126' title='bbox 1255 2627 1382 2694; x_wconf 86' lang='lat' dir='ltr'><strong>Perusii</strong></span> 
     </span>
     <span class='ocr_line' id='line_1_16' title="bbox 259 2729 1209 2820; baseline 0.002 -22"><span class='ocrx_word' id='word_1_127' title='bbox 259 2731 302 2799; x_wconf 91' lang='lat' dir='ltr'><strong>ll.</strong></span> <span class='ocrx_word' id='word_1_128' title='bbox 319 2729 386 2800; x_wconf 76' lang='lat' dir='ltr'><strong>kal.</strong></span> <span class='ocrx_word' id='word_1_129' title='bbox 403 2729 614 2818; x_wconf 82' lang='lat' dir='ltr'><strong>Septembris.</strong></span> <span class='ocrx_word' id='word_1_130' title='bbox 633 2730 859 2819; x_wconf 81' lang='lat' dir='ltr'><strong>(Pontificatus</strong></span> <span class='ocrx_word' id='word_1_131' title='bbox 875 2729 993 2820; x_wconf 88' lang='lat' dir='ltr'><strong>nostri)</strong></span> <span class='ocrx_word' id='word_1_132' title='bbox 1011 2753 1097 2801; x_wconf 83' lang='lat' dir='ltr'><strong>nuno</strong></span> <span class='ocrx_word' id='word_1_133' title='bbox 1113 2752 1209 2800; x_wconf 87' lang='lat' dir='ltr'><strong>nono.</strong></span> 
     </span>
    </p>
   </div>
   <div class='ocr_carea' id='block_1_3' title="bbox 349 2993 1286 3076">
    <p class='ocr_par' dir='ltr' id='par_1_3' title="bbox 349 2993 1286 3076">
     <span class='ocr_line' id='line_1_17' title="bbox 349 2993 1286 3076; baseline -0.004 -20"><span class='ocrx_word' id='word_1_134' title='bbox 349 2993 412 3073; x_wconf 66' lang='lat' dir='ltr'><strong>(IX</strong></span> <span class='ocrx_word' id='word_1_135' title='bbox 425 2995 553 3069; x_wconf 79' lang='lat' dir='ltr'><strong>Gergely</strong></span> <span class='ocrx_word' id='word_1_136' title='bbox 564 2993 643 3070; x_wconf 66' lang='lat' dir='ltr'><strong>pipo</strong></span> <span class='ocrx_word' id='word_1_137' title='bbox 653 2995 848 3069; x_wconf 68' lang='lat' dir='ltr'><strong>liegestlibol,</strong></span> <span class='ocrx_word' id='word_1_138' title='bbox 863 2998 990 3064; x_wconf 83' lang='lat' dir='ltr'><strong>Theiner</strong></span> <span class='ocrx_word' id='word_1_139' title='bbox 1002 2998 1040 3055; x_wconf 91' lang='lat' dir='ltr'><strong>id.</strong></span> <span class='ocrx_word' id='word_1_140' title='bbox 1054 3017 1090 3054; x_wconf 88' lang='lat' dir='ltr'><strong>m.</strong></span> <span class='ocrx_word' id='word_1_141' title='bbox 1105 2997 1125 3054; x_wconf 94' lang='lat' dir='ltr'><strong>l.</strong></span> <span class='ocrx_word' id='word_1_142' title='bbox 1138 2999 1166 3055; x_wconf 84' lang='lat' dir='ltr'><strong>k.</strong></span> <span class='ocrx_word' id='word_1_143' title='bbox 1180 2997 1243 3076; x_wconf 65' lang='lat' dir='ltr'><strong>rto,</strong></span> <span class='ocrx_word' id='word_1_144' title='bbox 1254 2997 1286 3072; x_wconf 89' lang='lat' dir='ltr'><strong>l.)</strong></span> 
     </span>
    </p>
   </div>
   <div class='ocr_carea' id='block_1_4' title="bbox 0 0 1604 5058">
    <p class='ocr_par' dir='ltr' id='par_1_4' title="bbox 0 0 1604 5058">
     <span class='ocr_line' id='line_1_18' title="bbox 0 0 1604 5058; baseline 0 0"><span class='ocrx_word' id='word_1_145' title='bbox 0 0 1604 5058; x_wconf 95' lang='lat' dir='ltr'><strong> </strong></span> 
     </span>
    </p>
   </div>
  </div>
 </body>
</html>
