3214 5066
720 355 784 422 183

673 445 833 460 Ἦ

188 555 279 642 eique
304 553 382 621 iuris
406 551 611 620 institucione
635 573 657 619 a
684 551 830 638 predicto
846 551 962 621 ludicc
984 554 1174 625 rectificauit
1198 558 1306 629 condi-

187 663 278 730 oionc
293 662 357 731 bac
367 712 377 747 ,
403 668 439 728 ut
460 655 727 746 prememoratus
736 662 772 728 P.
789 662 838 728 ΙΠ
856 679 984 730 marcas
1002 670 1034 730 et
1050 663 1219 732 dimidiam
1234 687 1305 753 pro-

185 765 271 866 dicto
296 771 333 836 B.
352 768 467 838 Comiti
492 771 704 856 persolueret.
730 770 773 835 Vt
797 770 974 838 solucionis
1002 775 1157 841 memoria
1182 779 1306 843 tencre-

185 887 253 962 tur,
279 879 349 962 Ego
373 876 566 944 Benedictus
582 877 696 944 Abbas
713 877 753 944 de
768 873 874 962 Tota,
893 877 1107 964 eiusdemque
1123 881 1306 967 Capitulum
1440 949 1469 969 .„

185 987 287 1054 nostri
311 985 484 1052 munimine
525 985 625 1070 sigilli
656 984 854 1052 roboramus.
906 983 1027 1053 Datum
1058 1006 1145 1054 cuno
1176 990 1306 1058 Domini
1405 1019 1407 1026 ·

186 1095 247 1162 Ml.
263 1093 343 1162 00⁰.
360 1091 451 1158 XX⁰.
467 1093 509 1160 1⁰.

256 1269 315 1342 (Aa
327 1269 436 1327 eredeti
448 1267 580 1328 driztotilr
593 1287 611 1325 a
623 1267 839 1326 ssent-mdrtoni
851 1229 1262 1344 septuagiessepties

628 1549 875 1561 m

731 2045 807 2111 los.

183 2223 228 2288 ΙΙ.
245 2222 352 2287 Endrc
368 2223 474 2310 kirtly
490 2246 528 2286 aa
543 2225 700 2289 amelrici
718 2225 939 2290 azentlccrcaztr'
953 2173 1153 2314 opdtsdpook
1169 2224 1304 2315 Lopmct'

182 2331 363 2418 belyedpbeo
379 2329 446 2396 leod
461 2331 643 2424 cluttoaldit
659 2332 802 2419 br'zonyos
816 2331 1231 2419 ezcbudsdpokkclrncbdzzc
1237 2329 1301 2418 fol.

699 2445 797 2506 1222.

292 2619 363 2702 Ego
378 2616 558 2707 A(ndreas)
586 2619 649 2687 Dei
665 2621 778 2706 gracie
792 2623 865 2688 Rex
881 2622 1047 2709 chparr'e
1064 2621 1212 2688 omnibus
1231 2639 1302 2704 pre·

185 2745 262 2792 sens
278 2727 432 2812 scriptum
448 2729 641 2815 inspecturis
657 2735 767 2796 notum
783 2729 889 2814 facio,
911 2728 998 2814 quod
1013 2709 1136 2796 Abb'ati
1150 2729 1301 2796 Ecclesie

183 2833 297 2900 Sancto
320 2835 428 2902 Crucis
452 2838 485 2904 in
510 2835 642 2904 Acnlrc'a
667 2855 764 2921 super
795 2831 915 2903 terram
945 2837 1147 2902 Blaocnorcm
1172 2836 1300 2904 nornine

185 2941 380 3030 chccrrtoc,
405 2963 502 3027 quam
527 2945 635 3012 cidem
658 2964 717 3031 per
741 2945 947 3031 priuilegium
973 2945 1184 3029 contulimus,
1201 2944 1301 3012 telem

186 3051 405 3118 concessimus
424 3051 627 3134 libertatem,
654 3054 741 3136 quod
757 3053 798 3120 de
814 3055 948 3136 triginta
962 3053 1185 3121 mansionibus
1200 3051 1300 3120 homi·

164 3237 169 3248 Κ
185 3177 279 3243 num,
296 3179 376 3243 quos
392 3159 463 3245 ipse
479 3161 591 3228 Abbas
606 3180 705 3246 super
721 3164 859 3229 eandem
874 3172 995 3228 terram
1015 3159 1207 3239 collocauit,
1232 3161 1301 3228 nul-

185 3265 250 3334 lam
270 3267 489 3353 exaccionem,
505 3269 659 3336 uidelicet
673 3289 735 3336 neo
751 3269 872 3334 liberos
889 3267 1052 3351 denarios,
1069 3285 1131 3334 nec
1144 3267 1299 3352 pondera,

184 3393 244 3440 nec
259 3373 430 3460 tributum,
446 3395 507 3442 uec
523 3377 667 3460 aliquam
684 3377 893 3462 pensionem,
922 3395 985 3458 que
1001 3373 1199 3441 succedente
1214 3381 1295 3440 tern-

185 3501 265 3567 poro
280 3481 313 3548 iu
329 3491 438 3550 nostro
455 3485 567 3570 Regno
585 3503 752 3568 emergere
768 3488 914 3570 possent,
931 3483 1029 3549 alicui
1044 3482 1220 3568 persoluat,
1241 3480 1300 3549 sed
1326 3461 1330 3474 ⁸

184 3598 310 3657 remota
325 3592 533 3660 oondiocione
549 3593 696 3678 qualibet
710 3597 779 3658 tota
795 3591 852 3656 illa
868 3589 990 3677 [pensio
1007 3587 1051 3656 ad
1066 3607 1143 3656 usus
1160 3587 1299 3656 Abbatis

184 3698 331 3783 predicte
347 3699 495 3768 Ecclesie
511 3701 699 3785 colligatur,
723 3706 756 3766 et
774 3698 945 3764 cbibriooca
960 3697 1146 3788 uinearum,
1172 3715 1236 3782 que
1250 3697 1297 3764 ibi

184 3807 226 3872 ab
243 3805 373 3875 eisdem
392 3809 525 3894 triginta
549 3807 769 3875 mansionibus
796 3803 883 3872 facte
903 3803 1041 3888 fuerint,
1070 3803 1168 3872 etiem
1193 3803 1297 3872 eidem

183 3915 305 3983 Abbati
320 3917 466 3983 totaliter
480 3916 690 4004 recipiantur.
707 3914 933 3982 concessimus
950 3913 1063 3997 eciam,
1081 3913 1167 3998 quod
1183 3913 1296 3980 domos

185 4033 217 4090 et
232 4025 356 4092 curiam
373 4031 406 4092 et
423 4027 610 4108 cellarium,
628 4043 711 4108 quas
727 4024 798 4108 ipse
814 4022 927 4089 Abbas
943 4023 976 4089 in
991 4023 1141 4089 liemcule
1156 4025 1296 4087 constru-

183 4133 250 4216 xit,
267 4133 316 4198 sic
330 4133 513 4201 liberrimae
530 4153 603 4200 esse
619 4134 783 4216 uolumus,
811 4129 897 4215 quod
922 4131 1030 4198 nullus
1044 4129 1295 4212 tributariorum,

183 4243 236 4308 uel
252 4239 524 4324 monetariorum,
540 4245 596 4307 aut
613 4241 792 4324 aliquorum
808 4243 995 4306 exactorum
1015 4255 1072 4303 eas
1088 4235 1301 4324 aliquetenus¹

185 4351 217 4416 in
232 4349 342 4432 aliquo
357 4349 545 4433 molestare,
561 4367 619 4414 seu
634 4366 818 4433 aggrauare
835 4350 1064 4432 presumpmat
1094 4345 1136 4412 Et
1150 4350 1185 4410 ut
1200 4344 1294 4412 buius

185 4457 232 4525 rei
249 4459 415 4526 concessio
431 4465 497 4524 tam
514 4458 633 4523 uostris
650 4476 747 4540 quam
763 4455 860 4520 etiarn
877 4458 1058 4520 nostrorum
1074 4471 1293 4520 successorum

187 4567 384 4654 temporibus
401 4569 493 4633 salua
509 4555 637 4650 semper
664 4571 706 4629 et·
720 4563 912 4629 inconcussa
930 4567 1136 4647 permaneat,
1162 4579 1293 4648 presen-

188 4681 251 4744 tem
267 4655 488 4742 concessimus
503 4674 655 4766 paginam
682 4670 821 4760 duplicis
840 4669 940 4756 sigilli
957 4669 1055 4735 nostri
1070 4667 1243 4737 munimine
1258 4668 1292 4738 iu
