3222 5054
655 310 822 421 ......2.⁴.⁹L-

168 514 231 599 biju
248 511 361 581 inuida
376 513 543 600 quippiam
559 516 758 603 subprimere
774 523 887 604 posset
912 516 1030 585 obliuio
1041 569 1050 604 ,
1077 525 1109 584 et
1132 519 1174 585 de
1198 537 1282 586 nouo

169 623 243 689 lites
259 623 481 708 insurgerent,
508 623 702 692 auctoritate
727 624 904 692 litterarum
931 632 964 692 et
988 625 1087 714 sigilli
1111 627 1284 694 munimine
1316 659 1323 679 ·

169 730 305 798 fecimus
320 730 475 797 roborari.
491 730 635 808 Quarum
652 739 743 800 tenor
759 733 834 801 talis
851 740 920 800 est:

277 835 448 925 V(grinus)
467 838 578 906 diuina
603 841 816 910 miseracione
833 839 1043 911 Oolochensis
1058 842 1284 930 Archiepisoo·

169 967 230 1033 pus
245 949 407 1014 uniuersis
424 947 542 1035 Qhristi
558 946 707 1016 fidelibus
734 951 869 1019 salutem
887 957 918 1016 ct
933 953 1059 1020 sincere
1076 953 1220 1020 caritatis
1237 951 1285 1018 ai·

171 1053 289 1124 lectum
305 1056 337 1122 in
355 1057 503 1123 Domino.
529 1055 723 1140 Delegatam
742 1079 762 1124 a
779 1059 909 1126 domino
924 1062 1014 1147 Rege
1031 1081 1162 1128 causam
1179 1077 1285 1128 susce-

169 1165 276 1252 pimus
302 1163 561 1249 cognoscendam
586 1166 670 1231 inter
694 1165 854 1234 Abbatem
870 1169 982 1236 Sancti
997 1168 1129 1236 Martini
1145 1167 1185 1236 de
1200 1166 1285 1236 Pan-

170 1272 271 1352 nouia
294 1279 327 1338 et
351 1269 511 1338 Abbatem
536 1273 646 1340 Sancti
661 1273 827 1370 [Demetrii
842 1276 885 1348 de
901 1277 1020 1344 Sirmio
1034 1297 1131 1362 super
1146 1277 1286 1361 quadam

172 1383 299 1469 piscina
314 1381 378 1448 sita
395 1379 486 1447 iuxta
506 1377 637 1466 linem,
663 1401 726 1467 que
751 1384 929 1482 uulgariter
953 1384 1074 1450 Mirubt
1097 1385 1286 1452 nominatur.

173 1491 250 1558 (lum
266 1490 379 1572 itaque
394 1495 522 1557 uentum
539 1491 687 1557 essetab
703 1510 890 1576 processum
911 1493 1039 1578 negocii
1055 1491 1158 1559 dictus
1174 1493 1287 1560 Abbaa

171 1596 212 1664 do
227 1597 399 1666 Pannonia
414 1595 633 1682 piscacionem
649 1599 681 1664 in
697 1600 824 1685 piscina
838 1607 1016 1670 memorata
1041 1601 1199 1668 uiolenter
1214 1619 1287 1670 esse

173 1707 292 1772 iactam
309 1724 330 1771 a
344 1703 574 1790 jobagionibus
590 1705 727 1804 Abbatis
744 1709 856 1776 Sancti
870 1709 1029 1776 Demetrii
1054 1709 1097 1774 ad
1112 1707 1286 1794 dampnum

172 1833 353 1881 marcarum
368 1815 447 1880 XVI
461 1814 646 1882 testimonio
662 1817 910 1902 prouincialium
929 1815 1169 1903 comprobauit,
1196 1831 1286 1882 asso-

171 1942 291 1992 uerans
315 1921 449 1989 firmiter
464 1941 523 2008 per
537 1925 731 1991 autenticum
747 1925 858 1993 Sancti
873 1925 1022 1993 Ladizlai
1038 1945 1074 1992 se
1090 1922 1199 1990 debito
1217 1941 1286 2008 pro

174 2031 347 2116 batorum,
373 2029 457 2116 quod
473 2031 600 2117 piscina
614 2041 795 2101 memorata
811 2053 909 2120 supra
925 2052 1053 2119 semper
1069 2031 1112 2098 ad
1128 2036 1289 2098 monaste-

172 2141 253 2207 rium
269 2137 383 2208 Sancti
399 2138 527 2206 llartiui
543 2140 738 2226 pertineret;
765 2141 894 2211 Abbate
910 2145 1031 2230 gamen
1047 2141 1158 2209 Sancti
1172 2137 1289 2205 Demo·

173 2249 224 2315 trii
240 2249 374 2331 suisque
389 2245 518 2333 populis
533 2249 784 2316 reclamantibus
800 2255 834 2317 et
848 2249 1039 2336 dicentibus,
1050 2239 1137 2336 quod
1153 2245 1290 2316 eandem

173 2358 333 2446 piscinam
349 2375 422 2426 esse
439 2375 496 2423 sue
512 2355 563 2423 ius
573 2357 721 2424 Ecclesia
737 2358 918 2446 priuilegio,
930 2358 1015 2443 quod
1030 2358 1188 2424 baberent
1203 2353 1290 2442 apud
1325 2379 1329 2390 ,

175 2467 374 2554 Episcopum
384 2465 764 2550 Quinqucecolesiensem
780 2473 812 2534 ot
823 2467 980 2536 Comitem
991 2449 1128 2548 tiletum,
1146 2483 1289 2551 compro·
1403 2464 1408 2476 '

174 2575 298 2641 barent.
309 2571 438 2640 Statuto
453 2593 530 2641 uero
545 2575 682 2642 termino
699 2581 730 2641 et
746 2576 803 2642 diu
820 2575 991 2664 protelato,
1002 2595 1074 2642 oum
1090 2571 1289 2659 sepedictus

176 2683 289 2751 Abbas
306 2681 347 2748 de
362 2683 532 2774 Pannonia
547 2683 712 2770 exemplar
727 2686 777 2751 sui
792 2685 955 2771 priuilegii
970 2687 1182 2772 presentaret,
1195 2701 1291 2769 para·

176 2801 227 2861 tus
242 2792 348 2858 eciam
364 2792 559 2860 autenticum
574 2797 784 2878 presentar03
801 2793 906 2860 altera
921 2799 1014 2880 parto
1029 2791 1119 2860 nullo
1134 2789 1292 2856 innitente

177 2904 398 2983 instrumento,
415 2897 456 2966 de
471 2899 695 2969 misericordia
711 2919 772 2984 que
787 2921 885 2989 super
900 2903 1026 2968 exaltat
1041 2899 1170 2983 iudicio,
1190 2897 1291 2964 distu-

176 3011 271 3078 limus
297 3015 465 3076 uenturum
489 3007 618 3076 Pascha
643 3009 773 3077 domino
788 3011 908 3077 Abbati
928 3009 1039 3078 Sancti
1061 3007 1219 3074 Demetrii
1234 3023 1292 3092 ap·

178 3121 379 3206 probandum
390 3114 674 3205 (adprobandum)
685 3139 777 3186 sunm
789 3119 838 3186 ius
851 3125 885 3184 et
896 3116 1149 3207 presentandum
1158 3133 1219 3182 sua
1227 3113 1293 3198 pri·

178 3229 302 3316 nilegia
326 3229 494 3294 terminum
520 3227 732 3314 prefigentes3
757 3227 915 3313 piscinam
939 3235 1047 3294 tamon
1063 3231 1096 3291 et
1112 3223 1180 3290 eius
1202 3240 1293 3288 usum

181 3355 283 3421 usque
307 3335 388 3402 illud
412 3342 539 3422 tempus
565 3333 653 3426 apud
679 3335 838 3402 abbatem
854 3335 963 3401 Sancti
978 3333 1108 3400 Martini
1134 3331 1206 3398 sine
1220 3349 1293 3397 con-

181 3445 382 3512 tradiocione
399 3445 606 3532 reliquentes.
639 3445 708 3512 Hoc
724 3441 846 3525 addito,
864 3443 949 3528 quod
965 3439 1070 3508 dictus
1086 3438 1198 3506 Abbas
1213 3439 1294 3506 San·

182 3555 225 3622 oti
241 3553 399 3620 Demetrii
423 3560 455 3620 et
481 3554 551 3621 eius
566 3555 678 3641 populi
694 3554 868 3638 dampnum
884 3567 1067 3618 marcarum
1082 3545 1159 3614 XVI
1174 3543 1295 3614 Abbati

183 3664 295 3732 Sancti
312 3661 443 3729 Martini
459 3662 501 3730 de
516 3661 703 3746 Pannonia,
730 3668 762 3728 et
785 3657 879 3732 uobis
904 3657 1056 3726 iudicium
1074 3655 1296 3741 persolueront

182 3773 413 3852 incunctanter,
432 3777 466 3836 et
480 3771 513 3838 in
525 3769 654 3838 Pascha
670 3769 745 3838 dato
762 3771 825 3837 sibi
839 3769 975 3836 termino
992 3787 1062 3834 oum
1079 3765 1147 3832 suis
1163 3761 1294 3850 priuile-

181 3881 243 3966 ffl'is
259 3879 302 3946 ad
318 3899 377 3946 nos
394 3878 588 3946 accederent
602 3881 796 3966 responsuri.
808 3877 877 3959 Qua
893 3875 1077 3964 priuilegia,
1094 3873 1124 3942 si
1138 3879 1212 3939 tunc
1223 3887 1295 3958 pre-

182 3996 312 4059 sentme
327 4007 392 4054 non
407 3988 565 4068 ualerent,
582 3990 623 4056 de
639 3994 747 4056 cetero
762 3989 889 4075 piscina
905 4007 984 4073 sepe
1000 3989 1181 4052 memorata
1195 3981 1226 4048 in
1244 3981 1294 4048 ius

183 4097 320 4166 abbam
336 4096 449 4166 Sancti
463 4096 595 4164 llartini
618 4096 660 4164 de
684 4096 854 4165 Pannonia
876 4095 1102 4163 deuoluerotur
1124 4093 1159 4159 in
1182 4097 1295 4178 perpe

183 4214 279 4273 taum
297 4207 417 4273 Datum
434 4223 518 4271 anno
535 4206 627 4272 uerbi
643 4206 802 4273 incarnati
818 4199 1159 4272 tt⁰.cc⁰.xx0.vn1⁰.
1300 4206 1305 4214 '

266 4411 270 4422 ·
342 4379 487 4454 (Eredetis
501 4399 518 4437 a
531 4355 1161 4460 suentemtrtouiillapttatgleuatis-aban.)⁴
1225 4345 1237 4358 ω
1300 4327 1305 4346 ι

622 4587 866 4602 ”—
