3234 5072
425 882 455 949 A
478 884 597 968 adalp-i
619 883 753 970 opdtsa'p
776 880 899 968 olapito'
921 881 1023 948 lecolo.
1050 884 1145 948 1067.
1170 882 1272 950 kdrail.

397 1045 434 1109 In
451 1042 580 1108 nomine
597 1041 716 1106 Sancte
746 1047 778 1107 ct
802 1039 973 1107 indiuiduo
1003 1042 1170 1109 Trinitatis
1199 1045 1314 1110 Petrus
1345 1045 1407 1112 Dei

291 1152 402 1238 gracia
426 1147 556 1215 Comes.
589 1148 809 1214 Producenoia
834 1147 1036 1231 antiquorum
1063 1151 1246 1234 sapientum
1273 1155 1306 1216 et
1330 1167 1405 1216 con·

293 1257 430 1328 suetudo
447 1255 593 1340 obtinuit,
611 1262 645 1321 vt
664 1254 692 1319 si
715 1254 875 1339 quispiam
899 1253 1031 1321 cuilibet
1060 1275 1198 1340 persone
1230 1257 1264 1322 iu
1294 1259 1408 1342 Regno

293 1364 481 1434 Pannonico
497 1362 575 1452 quid
588 1361 735 1427 stabilire
751 1361 942 1444 decreuerit,
960 1368 992 1428 ct
1008 1361 1086 1444 quid
1099 1347 1217 1430 stabile
1234 1343 1406 1447 lore'velit,

295 1475 329 1540 id
344 1471 495 1557 prelibati
512 1469 611 1554 Regis
627 1469 775 1552 licencia,
793 1475 825 1536 et
842 1468 982 1534 omnium
1007 1475 1075 1534 tam
1100 1469 1283 1555 Principum
1311 1491 1410 1555 quam
1440 1507 1475 1602 P
1558 1542 1564 1559 Ι

299 1583 533 1668 Episcoporum
549 1575 741 1660 testimonio,
760 1580 792 1640 et
816 1576 877 1641 sub
902 1575 1084 1640 huiusmodi
1108 1575 1268 1670 cirograio
1292 1577 1412 1664 debeat
1449 1583 1524 1656 pt,
1548 1576 1574 1641 'u

294 1687 446 1755 memorie
463 1681 688 1752 commendare
700 1683 896 1769 temporibus
911 1682 1036 1748 futuris.
1048 1683 1130 1762 Qum
1146 1685 1410 1752 consuetudinem

295 1793 530 1862 racionabilem
546 1789 769 1874 considerans,
786 1791 857 1875 Ego
873 1791 988 1857 Petrus
1004 1789 1065 1855 hoo
1081 1791 1234 1876 scriptum
1256 1791 1325 1858 fieri
1349 1812 1410 1878 po-

297 1901 418 1972 stulaui
433 1901 480 1971 ad
493 1899 750 1967 recordacionem
768 1903 801 1964 et
818 1896 1098 1965 confirmacionem
1115 1899 1314 1986 temporibus
1338 1917 1410 1984 pre-

215 2016 217 2022 ’
298 2009 444 2078 sentibus
460 2014 493 2074 et
508 2007 634 2075 suturis.
659 2003 815 2072 Omnibus
832 2024 908 2088 ergo
925 2004 1118 2071 Christianis
1139 2011 1251 2072 notum
1267 2023 1341 2072 esse
1356 2009 1410 2074 de-

296 2117 413 2198 sidero,
431 2113 517 2198 qnod
532 2115 603 2197 Ego
619 2115 733 2178 Petrus
749 2117 859 2178 sterne
874 2112 1078 2179 retribuionis
1094 2132 1225 2180 munere
1249 2121 1408 2182 monaste·

297 2225 379 2291 rium
396 2223 517 2289 Sancte
534 2219 637 2286 Maris
649 2219 729 2286 desc
744 2218 871 2285 Christo
894 2219 1110 2306 clrocperante
1127 2222 1300 2306 construxi,
1326 2221 1411 2306 quod

296 2328 413 2396 dicitur
428 2329 540 2412 Zauty,
557 2325 654 2410 idque
669 2326 760 2391 iuxta
775 2344 872 2410 posse
888 2325 1001 2396 dotaui
1017 2331 1114 2412 agris,
1137 2330 1279 2416 pascuis,
1295 2331 1408 2415 pratis,

298 2437 493 2517 aratoribus,
509 2434 721 2516 vinitoribus,
738 2433 859 2518 bobus,
877 2435 1005 2519 ouibus,
1017 2437 1175 2515 iumentis,
1192 2438 1310 2522 porois,
1340 2437 1411 2522 api·

298 2545 359 2612 bus
384 2550 417 2609 et
444 2541 559 2607 ceteris
585 2541 838 2608 necessariis‘ad
863 2543 1084 2628 supradictum
1103 2547 1214 2631 Zaaty.
1239 2545 1317 2610 -Nos
1342 2551 1409 2609 tres

298 2653 444 2738 germani
460 2649 576 2738 predia
591 2649 849 2734 possidebamus,
867 2670 1001 2735 quorum
1017 2652 1150 2718 terciam
1175 2657 1317 2738 partem,
1344 2669 1408 2736 quo

299 2783 351 2830 me
366 2759 575 2844 contingebat
598 2758 792 2825 monasterio
807 2759 840 2824 in
856 2759 1002 2826 omnibus
1018 2760 1094 2826 dedi
1111 2759 1226 2826 eidem.
1242 2759 1409 2826 Posessio·

300 2889 372 2936 nem
387 2869 421 2933 in
436 2866 616 2949 Scenholm,
632 2884 729 2948 quam
744 2865 818 2931 Dux
833 2865 939 2946 miehi,
966 2886 1027 2952 ego
1050 2865 1249 2935 monasterio
1272 2865 1412 2934 subdidi.

299 2975 399 3042 onius
414 2973 558 3040 marchia
571 2972 684 3056 incipit
699 2973 741 3039 ab
757 2993 837 3039 area
848 2991 1000 3058 equorum
1011 2975 1118 3057 Regis,
1128 2975 1171 3040 ad
1182 2973 1410 3058 Nadestyguy,

299 3081 416 3150 deindo
431 3088 518 3147 reolo
534 3079 648 3143 itinero
661 3095 719 3162 per
734 3079 810 3145 litus
826 3080 974 3147 Scokzov
1003 3098 1105 3164 usque
1121 3079 1164 3154 ad
1178 3083 1308 3165 longam
1338 3083 1408 3147 val·

300 3193 375 3274 lem,
392 3208 449 3272 per
464 3188 498 3254 id
514 3187 557 3255 ad
573 3187 698 3270 Sartue,
715 3186 791 3252 inde
807 3206 864 3272 per
894 3188 995 3273 ipsius
1011 3190 1087 3256 litus
1102 3189 1147 3256 ad
1162 3191 1308 3257 eiusdem
1331 3191 1413 3258 Saar
1484 3185 1485 3188 ’

212 3351 215 3362 .
303 3304 410 3382 caput,
426 3295 510 3362 vnde
525 3302 614 3362 recto
629 3297 759 3364 tramite
774 3316 832 3381 per
849 3298 936 3362 viam
946 3298 1042 3382 Soba,
1054 3317 1168 3366 uersus
1179 3305 1302 3365 onmem
1317 3300 1414 3366 Saen-

301 3404 398 3487 holm,
414 3423 517 3488 usque
532 3405 636 3470 locum
652 3403 706 3490 qui
721 3403 859 3470 flectitur
874 3405 908 3470 in
923 3405 1079 3484 dextram,
1091 3405 1215 3474 scilicet
1225 3406 1268 3471 ad
1279 3407 1415 3473 rinulum

302 3512 432 3578 nomine
447 3513 553 3597 Egur5
570 3511 645 3578 inde
661 3512 704 3578 ad
717 3513 935 3578 molendinum
961 3514 1056 3599 Geru,
1072 3536 1094 3580 a
1111 3534 1175 3600 quo
1201 3514 1245 3582 ad
1270 3516 1417 3583 eiusdem

288 3619 390 3686 *Geru
405 3639 535 3703 aquarn,
552 3625 584 3685 et
598 3621 747 3703 pervenit
780 3620 822 3685 ad
854 3621 959 3686 locum
989 3622 1177 3692 inundantis
1207 3644 1304 3709 aque.
1336 3621 1417 3690 Indo

305 3725 347 3791 ad
362 3732 492 3810 puteum
508 3725 725 3809 bissenorum,
742 3735 773 3818 ct
789 3725 893 3794 tendit
908 3730 951 3796 ad
966 3731 1051 3796 viam
1061 3733 1200 3817 positam
1211 3735 1245 3798 in
1255 3741 1417 3799 transuer-

303 3853 383 3916 sum,
400 3851 458 3920 per
474 3851 572 3916 quam
588 3835 713 3900 venitur
739 3833 783 3899 ad
814 3837 997 3921 sepulturas
1022 3840 1247 3926 Bissenorum;
1278 3839 1357 3908 inde
1373 3839 1416 3906 ad
1531 3899 1533 3910 .

303 3959 453 4024 magnam
469 3939 606 4020 foveam,
622 3961 685 4024 que
709 3947 863 4027 protensa
887 3962 990 4028 usque
1014 3947 1057 4011 ad
1081 3947 1285 4034 Arubsceguj
1314 3947 1418 4016 tendit

304 4050 347 4114 ad
371 4048 520 4134 angulum
544 4067 646 4135 parus
671 4050 769 4132 Egur,
796 4057 834 4130 et
860 4053 901 4118 ad
929 4055 1083 4138 angulum
1116 4058 1225 4142 Aruk;
1257 4057 1333 4124 inde
1363 4075 1417 4123 au-

305 4162 371 4219 tem
410 4155 453 4221 ad
492 4155 672 4239 predictam
706 4157 815 4222 aream
855 4179 1019 4242 equorum.
1059 4164 1128 4248 Ipsi
1168 4170 1277 4231 autem
1306 4165 1420 4252 predio

306 4261 382 4327 dedi
411 4281 541 4328 mansus
572 4259 659 4350 (lgy)
688 4283 820 4330 numero
850 4266 903 4348 X,
931 4267 987 4335 sed
1004 4269 1078 4354 plus
1108 4270 1287 4358 invenitur3
1318 4271 1359 4338 de
1374 4271 1421 4356 ip-

307 4370 353 4434 sis
383 4389 459 4435 vero
491 4370 573 4437 iuter
604 4392 655 4438 me
686 4383 719 4440 et
738 4373 931 4464 'Dersynum
961 4377 1021 4442 fuit
1050 4380 1227 4452 contencio,
1261 4379 1320 4446 scd
1353 4379 1420 4446 Du·
1484 4363 1486 4368 ¹

308 4475 354 4540 cis
371 4475 482 4560 gracia
498 4495 554 4542 eos
570 4497 639 4544 mee
664 4482 748 4566 parti
773 4483 934 4566 attribuit,
961 4483 1079 4552 ibidem
1104 4487 1322 4554 molendinum
1347 4505 1418 4552 cum

308 4582 557 4670 molendinario,
589 4585 632 4649 ad
661 4589 781 4660 Fousoi
812 4591 948 4661 Fenerie
976 4591 1143 4682 predium,
1171 4595 1259 4687 quod
1282 4600 1421 4666 vocatur
