3214 5066
262 966 264 974 Ι
336 996 403 1061 ΙΙΙ.
428 994 588 1060 Honorino
603 997 696 1080 pdpa
721 994 967 1080 Mopyuroraadp
990 994 1163 1060 Maekeinck
1186 997 1218 1058 ais
1238 993 1450 1081 pttapdkcbcak

335 1104 519 1190 mepbappja
527 1151 536 1186 ,
561 1103 638 1190 hopy
653 1123 675 1164 a
689 1104 785 1165 odoret
800 1101 909 1165 candet
923 1125 944 1165 u
959 1103 1032 1168 nekt'
1046 1103 1091 1166 II.
1106 1102 1214 1167 Eadro
1229 1099 1381 1189 tirotyttt
1396 1105 1447 1165 cit·

390 1211 525 1299 mpedett
540 1209 788 1298 Baroaaadpouk
804 1209 991 1276 birtokdbuo
1005 1234 1042 1277 oe
1058 1209 1280 1299 bdborpuaadk.
1297 1210 1394 1274 1224.
1517 1208 1523 1226 “

443 1387 604 1456 Honorius
620 1388 803 1474 Episcopus
820 1395 883 1454 etc.
897 1388 1136 1456 venerabilibus
1162 1389 1315 1456 iratribus
1330 1387 1450 1456 nostris

256 1517 261 1534 ⁴
335 1496 599 1583 Archiepiecopis
615 1503 648 1562 et
662 1497 833 1582 Episcopis
848 1517 907 1582 per
918 1496 1096 1581 Ungariam
1111 1499 1294 1565 constitutis
1311 1497 1449 1564 salutem

337 1611 399 1672 etc.
424 1603 623 1672 Dilectorum
636 1603 774 1670 filiorum
790 1653 797 1668 .
815 1655 823 1670 .
839 1653 848 1670 .
864 1653 875 1672 .
907 1605 1055 1692 Magistri
1071 1613 1103 1672 et
1118 1605 1254 1672 fratrum
1269 1605 1450 1692 Hospitalis

337 1713 457 1784 Sancte
470 1713 572 1779 Marie
587 1711 834 1780 'santonicorum
852 1713 1109 1781 Jerosolimitani
1132 1715 1203 1781 Deo
1219 1721 1253 1780 et
1266 1713 1450 1780 hominibus

339 1826 434 1906 grata
448 1821 565 1906 religio
580 1825 798 1905 promeretur,
823 1827 859 1886 ut
883 1822 950 1888 suis
966 1819 1199 1889 favorabilibus
1214 1819 1388 1888 desideriis
1403 1820 1451 1887 sa·

338 1927 527 1996 vorabiliter
552 1947 748 2011 annuamus,
776 1928 1094 2022 quatenuseiurdem
1111 1927 1243 1996 Ordinis
1257 1949 1344 1996 nora
1358 1929 1450 2015 plun-

338 2036 417 2104 tntio
434 2056 472 2103 eo
487 2035 613 2102 felicius
629 2036 827 2102 incrementa
842 2037 996 2121 suscipiat
1019 2057 1083 2120 quo
1108 2037 1231 2121 largius
1255 2037 1352 2103 luerit
1378 2053 1450 2100 rore

339 2143 523 2230 Apostolice
538 2143 642 2228 gratio
658 2147 801 2227 irrigata.
818 2145 984 2211 Petierunt
1001 2143 1163 2227 siquidem
1178 2144 1279 2210 iidem
1294 2143 1452 2227 Magister

341 2259 375 2318 ct
389 2252 517 2334 fratres,
541 2256 576 2316 ut
589 2256 710 2318 terram
726 2251 766 2318 de
782 2252 888 2319 Bonna
904 2261 937 2319 et
952 2251 1036 2320 ultra
1051 2257 1178 2319 montes
1193 2251 1332 2336 nivium,
1355 2269 1453 2334 quam

339 2365 473 2446 propter
490 2375 692 2443 paganorum
718 2358 855 2426 insultus
881 2367 1007 2428 vastam
1031 2379 1134 2444 usque
1150 2360 1193 2425 ad
1208 2361 1356 2446 proxima
1373 2365 1452 2426 tem·

340 2484 422 2554 pora
446 2470 480 2532 et
502 2466 663 2532 desertam
681 2467 861 2552 'largitione
887 2469 1046 2535 carissimi
1072 2467 1104 2534 in
1129 2467 1257 2536 Christo
1277 2465 1336 2531 lilii
1351 2466 1454 2533 nostri

340 2574 471 2642 Andros
487 2575 586 2658 Regis
603 2572 748 2660 Ungarie
764 2575 902 2644 Illustris
918 2577 1030 2664 adepti
1042 2595 1120 2643 esse
1145 2583 1332 2658 noscuntur,
1349 2581 1384 2641 et
1398 2593 1453 2641 no·

341 2681 425 2750 riter
449 2681 634 2749 inhabitare
659 2691 831 2766 ceperant,
857 2684 999 2770 ipsorum
1029 2701 1228 2768 paganorum
1252 2684 1376 2769 inpetu
1390 2701 1455 2747 non

342 2792 413 2858 sine
427 2789 526 2856 multo
544 2808 757 2875 personarum
775 2808 909 2857 suarum
925 2789 1112 2856 discrimine
1129 2783 1304 2874 refrenato,
1318 2791 1413 2856 iuius
1424 2795 1458 2855 et

342 2898 576 2984 proprietatnm
591 2898 782 2983 Apostolice
796 2896 895 2966 Sedis
911 2899 1057 2982 recipere
1073 2897 1289 2983 dignaremur,
1305 2915 1455 2964 asseren-

342 3015 403 3092 tes,
416 3006 500 3090 quod
518 3005 633 3072 fideles
652 3004 806 3075 libentius
822 3005 1002 3074 transibunt
1020 3007 1053 3072 in
1069 3009 1139 3074 eius
1156 3007 1325 3092 coloniam,
1336 3005 1365 3070 si
1382 3026 1455 3072 earn

343 3113 483 3182 viderint
492 3113 681 3198 Apostolice
691 3113 786 3182 Sedis
800 3133 874 3180 esse
885 3113 1022 3198 speciali
1036 3115 1247 3182 dominationi
1263 3114 1456 3198 subjectam,

345 3223 459 3306 sicque
472 3221 529 3288 fiet
542 3229 576 3288 ut
592 3229 689 3309 terra,
701 3241 764 3306 que
779 3224 848 3288 lata
865 3229 899 3288 et
913 3223 1061 3308 spatiosa
1077 3223 1253 3290 cultoribus
1265 3221 1399 3307 indiget,
1410 3223 1456 3290 fa·

343 3331 406 3399 cile
420 3331 602 3418 populetur,
620 3337 653 3397 et
667 3351 819 3398 numerus
840 3330 1054 3398 habitantium
1072 3331 1107 3396 in
1123 3331 1239 3398 endem
1255 3331 1298 3398 ad
1313 3331 1456 3417 ipsomm

342 3457 543 3527 paganorum
557 3446 714 3505 terrorem
742 3447 775 3506 et
798 3439 1007 3507 securitatem
1022 3437 1184 3524 fidelium,
1201 3445 1300 3522 atque
1315 3437 1359 3506 ad
1374 3439 1458 3506 utili·

244 3605 250 3618 .
343 3553 446 3614 tatem
461 3565 526 3614 non
541 3545 703 3614 modicam
718 3551 804 3613 terro
820 3547 939 3614 Sancte
956 3545 1097 3613 feliciter
1112 3551 1282 3631 augeatur.
1312 3546 1458 3632 Ipsorum

345 3675 423 3740 ergo
437 3653 585 3738 Magistri
609 3660 642 3720 et
666 3653 799 3722 fratrum
825 3655 888 3740 piis
913 3653 1062 3741 precibus
1086 3654 1259 3741 benignius
1276 3661 1458 3722 annuentes

344 3760 505 3849 prefatam
519 3766 642 3828 terram
666 3762 699 3827 in
724 3765 774 3830 ius
800 3770 833 3829 et
857 3763 1091 3849 proprietatem
1108 3763 1203 3830 Beati
1217 3763 1306 3830 Petri
1320 3763 1459 3848 suscipi·

345 3885 427 3953 mue,
445 3873 478 3934 et
494 3887 566 3934 eam
582 3869 642 3935 sub
658 3869 796 3954 speciali
811 3869 1003 3957 Apostolice
1020 3869 1115 3938 Sedis
1131 3871 1333 3958 protectione
1348 3891 1388 3938 ac
1404 3870 1460 3937 de·

346 3973 493 4042 tensione
508 3975 674 4060 perpetuis
690 3975 888 4062 temporibus
905 3996 1104 4065 permanere
1121 3979 1293 4046 sancimus.
1323 3977 1375 4045 Ad
1398 3979 1460 4046 hec

346 4101 419 4150 oum
444 4079 558 4150 eadem
582 4087 670 4151 terra
692 4084 867 4152 secundum
891 4084 1112 4172 indulgentias
1136 4087 1216 4172 ipsis
1243 4085 1397 4155 babitus
1411 4087 1457 4154 ab

345 4189 536 4275 Apostolica
552 4189 639 4259 Sede
667 4211 841 4261 concessas
866 4193 992 4260 nullum
1016 4201 1128 4280 preter
1143 4195 1319 4262 Romanum
1334 4191 1461 4262 Pontili·

348 4317 418 4366 cem
431 4297 577 4366 habeant
597 4298 796 4387 Episcopum
821 4299 875 4369 vel
900 4301 1085 4388 Prelatum,
1112 4301 1287 4370 districtius
1314 4299 1462 4369 duximus

350 4401 576 4491 inhibendum,
603 4427 645 4474 ne
661 4410 733 4492 quis
749 4407 1071 4497 ArcMepiscopus'in
1088 4415 1209 4478 terram
1225 4411 1331 4496 ipsam
1346 4409 1399 4478 vel
1415 4407 1461 4476 in·

351 4513 445 4612 colas
468 4514 537 4579 eius
560 4514 721 4584 interdicti
747 4515 801 4584 vel
824 4517 1163 4586 excommunicationis
1179 4515 1375 4586 'sententiam
1390 4515 1462 4585 sine

352 4617 488 4699 speciali
512 4623 702 4692 anennoeto
726 4625 910 4710 Apostolioc
935 4625 1030 4695 Sedis
1054 4627 1262 4713 promulgare
1284 4631 1465 4714 presumat,
