3214 5072
786 381 939 481 ,ΕΞ-ἐ
989 423 992 434 .

325 587 330 597 “
410 587 431 666 †
448 585 517 666 Ego
533 579 681 648 Rollaud.
699 580 732 646 S.
748 575 850 646 Mario
865 577 899 641 in
914 580 1009 660 portu
1023 573 1160 640 Diacou.
1178 572 1310 640 Gordiu.
1327 591 1370 638 ss.

307 693 311 710 “
411 677 520 772 †Ego
548 690 662 754 Petrus
688 688 720 754 S.
746 685 898 752 Nicbolai
922 685 955 748 in
982 701 1113 750 carcere
1145 681 1296 748 Tulliano
1322 680 1417 746 Diae.

305 797 434 987 Caf‘hss
450 905 522 990 Ego
539 904 651 970 Radus
667 901 699 968 S.
716 897 850 998 Ge⁰rgij
867 897 909 966 ad
934 897 1042 965 uelum
1067 907 1197 964 aureum
1223 895 1317 961 Diac.
1344 895 1423 962 Car·
1479 939 1483 944 -

297 1013 354 1078 din
395 1014 439 1080 i.
1127 1072 1131 1080 .

357 1014 393 1080 a]
407 1033 535 1187 ilatum
561 1119 687 1185 Verone
709 1137 767 1203 per
792 1132 921 1182 manum
951 1097 1083 1182 Alberti'
1101 1115 1245 1179 Romane
1273 1111 1422 1177 Ecclesia

297 1231 413 1295 Presb.
433 1226 625 1293 cardinalis
643 1233 675 1291 ct
691 1223 886 1307 (lancellarij
911 1225 1000 1289 VIII.
1026 1223 1103 1289 Idus
1128 1221 1216 1302 Maii,
1241 1203 1423 1286 indictione

104 1425 114 1441 .
177 1325 179 1330 ,
287 1339 424 1440 ¹quinta.
450 1335 690 1401 iucarnationis
710 1332 880 1399 Dominice
905 1351 990 1397 anno
1015 1333 1071 1396 Ma,
1097 1331 1145 1398 0⁰.
1162 1327 1309 1394 LXXX0.
1336 1326 1423 1391 V110.

302 1441 516 1511 Pontificatus
532 1439 758 1506 ueroDomini
773 1439 894 1506 Vrbani
911 1441 1000 1524 Papa
1015 1439 1073 1504 ΙΙΙ.
1092 1458 1177 1504 auno
1193 1435 1359 1538 secundo

717 1649 773 1724 (Aa
792 1651 902 1707 eredeti
920 1645 1025 1720 stant·

734 1933 975 1944 mmm—-

846 2157 898 2221 ll.
952 2185 954 2188 ·

392 2336 457 2403 III.
474 2337 563 2401 Iucza
573 2337 663 2421 pcipe
679 2331 822 2398 Belcazlo'
834 2333 922 2396 odczi
941 2333 1124 2418 mmoklez.
1141 2335 1226 2398 1196
1240 2333 1343 2400 kasti.

411 2515 463 2581 Ex
477 2503 571 2600 parte
586 2517 643 2578 tna
658 2511 777 2577 nostris
797 2509 854 2576 luit
880 2512 1012 2578 auribus
1032 2512 1223 2598 intimatum,
1249 2513 1333 2597 quod
1349 2533 1421 2580 cum

303 2622 490 2712 presbyteri
509 2629 584 2689 tuae
600 2621 751 2686 Diecesis
767 2639 929 2702 nunqnam
954 2619 997 2684 ad
1021 2621 1190 2706 Synodum
1203 2621 1420 2702 conuenirent,

302 2743 338 2800 tu
354 2736 439 2798 sicut
456 2731 505 2797 uir
521 2729 680 2796 discretus
706 2736 738 2794 et
753 2729 907 2813 providus
928 2727 1100 2814 diligenter
1125 2729 1306 2814 attendens,
1333 2728 1421 2813 quod

306 2841 383 2925 quia
398 2835 561 2922 nunquam
579 2839 835 2904 exhortationem
846 2839 895 2904 sui
905 2838 989 2925 Eppi
1000 2837 1185 2924 audiebant,
1196 2857 1256 2903 nec
1264 2840 1421 2924 percipie

305 2949 386 3014 bant
396 2948 628 3014 correctionem
639 2965 771 3012 suorum
783 2967 974 3014 excessuum
998 2945 1030 3012 in
1042 2949 1090 3014 eis
1101 2953 1133 3012 et
1149 2967 1257 3014 eorum
1270 2947 1422 3030 subditis,

225 3098 228 3106 ·
304 3043 487 3142 apparebat
503 3075 626 3121 morum
642 3053 743 3120 nimia
758 3053 995 3140 corr·uptela,{et
1010 3057 1109 3120 nimis
1126 3054 1311 3122 existebant
1321 3057 1420 3140 impe-

305 3164 360 3228 riti
386 3171 417 3228 et
441 3161 549 3229 rudes·
565 3163 597 3226 iu
612 3161 759 3244 regenda
775 3163 954 3228 animarum
980 3183 1065 3246 cura,
1084 3163 1193 3229 habito
1219 3163 1352 3229 consilio
1367 3183 1420 3230 ve·

306 3253 462 3336 nerabilis
479 3269 589 3341 fratris
605 3269 708 3335 nostri
723 3271 785 3336 Job
803 3270 1042 3354 Metropolitum
1051 3269 1096 3334 tui
1114 3271 1290 3356 etcopituli
1307 3271 1418 3336 Eccle-

307 3379 377 3444 siae
391 3385 476 3464 tuac,
492 3384 526 3442 ut
552 3397 663 3443 omues
688 3377 859 3461 presbiteri
885 3387 916 3442 et
940 3378 1063 3462 prelati·
1082 3385 1157 3443 tuae
1176 3377 1345 3444 Diaecesis
1362 3399 1419 3443 an-

306 3487 428 3552 nuatim
445 3487 479 3550 in
495 3485 666 3551 nativitate
681 3487 805 3566 Beatus
832 3485 974 3570 Virginis
990 3487 1135 3551 venirent
1150 3485 1192 3551 ad
1211 3493 1300 3551 tuam
1317 3487 1419 3573 Syno-

308 3596 382 3660 dnm
401 3593 634 3660 deliberatione
650 3594 784 3678 provida
795 3595 955 3678 statuisti,
972 3593 1161 3676 quibusdam
1177 3593 1317 3676 decimis,
1335 3613 1420 3676 quae

308 3702 350 3768 ad
367 3709 511 3788 sumptus
527 3702 741 3787 Episcopales
758 3702 943 3786 specialiter
962 3703 1122 3788 pertinere
1147 3703 1303 3786 dicuntur,
1320 3705 1420 3770 uteie

305 3809 872 3894 materiemcujuslibetgdifficultatis
889 3811 1043 3893 auferres,
1059 3811 1279 3877 uniuersorum
1305 3829 1419 3898 procu-

305 3917 424 3983 rationi
441 3923 595 4001 perpetuo
620 3917 793 4000 deputatis.
818 3919 887 3983 Nos
903 3917 999 4001 igitur
1023 3918 1220 3985 venerabilis
1242 3920 1275 3983 in
1291 3919 1418 3985 Christo

305 4024 414 4108 frater,
432 4010 498 4088 tuis
508 4024 608 4107 justis
623 4023 892 4108 postulationibus
917 4019 1256 4112 gratofooncnrrentes
1272 4045 1418 4108 assensu,

304 4131 505 4216 praedictam
524 4131 794 4216 constitutionem,
810 4134 894 4198 sicut
910 4133 950 4200 de
977 4133 1111 4199 consilio
1127 4135 1369 4217 Metropolitum
1386 4143 1419 4201 el

305 4256 441 4304 assensu
458 4239 684 4304 canonicorum
702 4239 871 4307 Ecelcsiae
888 4249 962 4307 tuac
980 4241 1114 4326 provide
1130 4241 1219 4307 facta
1231 4247 1290 4326 est,
1309 4247 1418 4308 aucto-

305 4347 402 4410 ritate
419 4347 609 4432 apostolica
625 4347 856 4415 confirmamus.
883 4350 971 4414 Nulli
985 4370 1061 4433 ergo
1078 4351 1139 4416 slb.
1160 4351 1279 4418 Datum
1296 4350 1418 4416 Romae

174 4549 179 4558 μ
307 4459 368 4518 etc.
385 4451 458 4517 XII.
475 4453 550 4518 Kal.
566 4453 644 4519 Julii
660 4457 721 4520 stb.

424 4575 583 4650 (llpistolae
596 4579 752 4637 iunocentii
767 4582 817 4640 ΠΙ.
832 4583 885 4652 sib,
899 4583 981 4640 Paris
996 4583 1101 4642 1682]
1122 4587 1182 4643 kot.
1199 4585 1259 4646 155.
1276 4589 1310 4656 l.)
1438 4631 1439 4634 ,

734 4757 774 4770 ο·-
789 4761 977 4772 ----.-.--.-...
