3214 5072
874 379 917 448 54

812 467 970 480 ..ι-*υ*

329 582 434 666 bento,
451 603 502 649 me
528 588 681 669 presente
706 583 989 650 reconsecrarctur
1013 579 1055 646 ab
1081 576 1337 666 Archieplscopo
1362 577 1445 644 Feli·

327 690 421 756 ciano
438 691 578 777 aliisque
595 689 768 778 Episcopis
785 687 978 771 admonitus,
993 690 1030 754 vt
1044 687 1099 754 lex
1114 691 1230 754 sancta
1241 687 1337 773 jubet
1352 704 1445 784 spon-

328 818 399 898 sam
410 799 472 864 Dei
488 801 612 884 dotare,
628 802 744 882 rogatu
760 795 938 882 supradicti
953 793 1092 864 Abbatis
1107 799 1237 872 terram,
1253 815 1319 881 que
1334 791 1446 875 estin

327 913 378 972 ter
393 907 462 973 Rou
478 913 510 974 et
526 909 663 994 'Paryan
678 925 749 972 cum
776 906 880 992 pratis
896 911 929 972 et
946 903 1146 989 agricultura
1177 909 1209 969 et
1240 903 1336 990 sylua
1366 885 1445 968 riulli

327 1014 569 1100 hereditariam,
586 1012 646 1082 sed
662 1034 683 1080 a
698 1013 824 1080 ciuibus
841 1013 882 1080 de
899 1011 1032 1078 ciuitate
1057 1009 1190 1076 liussun
1215 1029 1274 1094 pro
1300 1017 1446 1094 tempore

326 1142 528 1210 possessam,
544 1123 664 1207 Regali
680 1141 816 1189 censura
833 1121 953 1189 douaui
971 1121 1004 1186 in
1020 1117 1129 1186 dotem
1146 1117 1268 1186 Sancto
1287 1119 1445 1186 Ecclesia.

326 1231 363 1298 si
378 1251 455 1316 crgo
472 1231 601 1316 regalia
617 1229 704 1298 dona
719 1230 839 1297 debent
856 1247 930 1296 esse
962 1235 1036 1296 rata
1052 1233 1086 1294 et
1100 1226 1354 1314 irrefragabilia,
1373 1245 1445 1292 cum

326 1338 446 1405 Diuina
462 1338 727 1404 interminacione
743 1337 910 1423 prohibeo,
943 1337 1091 1402 volentes
1107 1355 1180 1402 eam
1196 1335 1341 1420 quolibet
1359 1353 1445 1400 emo·

292 1431 296 1448 ⁸
323 1447 468 1514 lumento
485 1446 549 1512 sibi
563 1445 747 1532 vendicare,
761 1443 909 1528 filiosque
929 1463 1019 1512 meos
1037 1450 1112 1532 post
1135 1465 1188 1512 me
1213 1443 1284 1509 Deo
1309 1441 1440 1510 volente

327 1561 522 1640 regnaturos
540 1563 715 1638 eorumque
730 1559 879 1639 posteros
895 1553 1111 1640 personaliter·
1132 1551 1302 1637 admoneo,
1319 1549 1443 1624 nevllo

326 1663 422 1729 modo
439 1661 650 1736 consenciant
660 1661 713 1729 vel
720 1659 869 1746 judicent
884 1661 1007 1726 irritum
1023 1659 1101 1744 lieri,
1119 1659 1206 1745 quod
1221 1677 1282 1746 ego
1298 1659 1443 1728 stabiliui

327 1769 430 1836 tocius
446 1767 553 1855 Regni
569 1771 736 1836 uoluntate
752 1775 785 1835 et
802 1767 947 1836 consilio.
965 1767 1001 1834 Id
1017 1769 1045 1835 si
1062 1769 1137 1854 quis
1159 1770 1268 1855 precio
1293 1769 1346 1836 vel
1370 1787 1441 1856 pre

326 1875 417 1945 cibus
433 1879 487 1946 vel
503 1896 698 1961 quacunque
714 1878 781 1944 doli
801 1877 1023 1944 controuersia
1048 1877 1284 1946 circumventus
1299 1885 1375 1964 post
1389 1897 1441 1944 me

326 1993 501 2073 regnantes
518 1989 738 2074 instigauerit,
754 1995 789 2056 vt
804 1989 864 2056 heo
879 2008 954 2055 mea
974 1987 1150 2074 disposicio
1166 2009 1228 2058 non
1245 1990 1288 2056 sit
1300 1987 1396 2055 firma
1411 1997 1442 2054 et

326 2097 462 2182 stabilis,
479 2097 621 2165 omnium
637 2098 880 2184 Episcoporum,
898 2105 930 2164 et
947 2099 1002 2183 qui
1018 2098 1200 2187 adsuerunt,
1216 2103 1249 2163 et
1264 2097 1320 2180 qui
1335 2115 1442 2164 sucee-

325 2203 401 2271 dent
417 2205 466 2272 eis
482 2205 708 2272 malediceioni
725 2206 928 2291 subjaceant,
946 2213 979 2272 et
995 2207 1131 2273 Beatum
1161 2205 1335 2273 Martinam
1358 2207 1442 2274 vltc·

292 2331 295 2339 ’
325 2333 393 2380 rem
409 2333 466 2380 sue
482 2313 598 2398 injurie
614 2313 667 2378 hic
683 2320 716 2379 et
731 2314 765 2379 in
796 2321 940 2380 eternum
968 2316 1126 2382 senoiant.
1153 2315 1307 2382 Preterea
1331 2323 1441 2384 nostre

326 2419 573 2506 impressionem
588 2421 722 2505 Regalis
740 2421 892 2505 imaginis
908 2443 965 2508 per
980 2425 1145 2491 loannem·
1156 2423 1323 2490 Notarium
1340 2445 1441 2511 appo·

326 2528 447 2595 suimus
463 2528 640 2613 assignatis
658 2529 796 2596 testibus
813 2530 960 2598 veritatis
986 2533 1106 2600 uostris
1133 2531 1348 2618 Ptincipibus,
1365 2553 1441 2616 quo·

326 2655 394 2702 rum
409 2637 470 2704 lreo
487 2643 561 2702 sunt
575 2637 727 2703 nomina:
744 2637 929 2705 Felicianus
945 2641 1228 2726 Archiepisoopus,
1239 2641 1352 2708 Petrus
1362 2641 1442 2708 Ves-

325 2743 509 2834 primiensis
524 2744 715 2830 Episcopus,
730 2745 865 2812 Paulus.
877 2747 1060 2814 iporiensis
1078 2749 1269 2834 Episcopus,
1295 2749 1441 2817 Marcell-

325 2871 386 2920 nus
402 2851 593 2938 Episcopus,
609 2851 733 2919 Fcnaal
756 2853 936 2940 Palatinus,
969 2855 1128 2940 Georgius
1158 2853 1286 2940 Comes,
1317 2855 1442 2924 Werolt

325 2960 453 3044 Comes5
470 2959 596 3026 Huddis
611 2959 729 3028 Comes
758 2961 878 3044 aliique
905 2947 1135 3048 quamplures
1163 2965 1302 3032 ministri
1327 2967 1440 3032 nostri.

325 3069 408 3135 Acta
422 3072 497 3133 sunt
512 3067 572 3134 hec
588 3085 673 3134 auno
690 3068 927 3136 incarnacionis
943 3071 1115 3138 millesimo
1147 3072 1323 3138 centesimo
1340 3072 1439 3154 trige-

324 3175 405 3242 simo
421 3173 569 3260 septimo,
587 3177 714 3262 Epacta
727 3177 888 3260 vigesima
905 3187 999 3247 sexta
1018 3179 1167 3247 concurr.
1194 3187 1328 3266 quarta,
1355 3183 1440 3248 eele-

323 3283 418 3352 brato
434 3282 563 3352 Pascha
579 3285 678 3352 tercio
695 3283 771 3356 Idus
791 3287 923 3373 Aprilis.

482 3495 625 3570 (Erodotie
644 3515 662 3553 a
679 3513 721 3558 cz.
740 3497 862 3558 martoni
882 3498 1035 3574 filapatsig
1053 3499 1271 3576 leveltrlriban).
1396 3499 1402 3512 '

755 3779 999 3794 -οο--ῄ
