3198 5058
835 844 913 926 M.

308 1031 369 1097 IX.
380 1027 515 1118 eopse
526 1030 616 1117 pepo
632 1026 772 1092 Kolonia
787 1021 918 1110 birdlyt,
934 1022 970 1088 lo·
984 1045 1006 1089 α
1021 1022 1161 1088 boazas’aa‘
1169 1022 1343 1108 poterenok
1352 1019 1434 1088 ellan
1449 1045 1456 1056 ·

306 1139 454 1205 lementa
469 1135 574 1202 badhe
588 1133 695 1201 totth
703 1182 713 1219 ,
734 1154 773 1198 aa
788 1129 923 1219 apostoli
937 1133 1008 1196 aztle
1022 1129 1151 1196 horna
1162 1127 1359 1219 pansoprtaa
1374 1129 1434 1195 alei

764 1240 856 1306 vesei.
873 1239 971 1303 1234.

414 1422 590 1509 Gregorius
607 1419 790 1508 Episcopus
807 1423 867 1486 eto.
884 1415 1060 1484 karissimo
1085 1412 1119 1484 in
1143 1413 1274 1484 Christo
1289 1413 1357 1484 filio
1372 1413 1432 1484 Oo-

304 1534 458 1602 lomanno
473 1532 556 1616 Regi
570 1529 693 1598 Illustri
710 1530 848 1595 salutem
865 1533 926 1594 ete.
942 1527 1006 1594 Pro
1021 1523 1098 1592 fidei
1113 1525 1258 1606 meritis,
1273 1545 1340 1610 qua
1355 1527 1432 1592 ruti-

304 1643 378 1710 lare
393 1639 511 1734 diteris
528 1639 573 1708 ad
588 1638 747 1722 obsequia
761 1634 1005 1724 Redemptorle,
1024 1641 1058 1702 te
1073 1633 1214 1702 libenter
1228 1634 1370 1722 speeioli
1384 1632 1433 1702 la-

305 1770 383 1819 uora
397 1750 633 1836 prosequimur,
649 1755 683 1816 at
697 1765 761 1832 que
776 1747 837 1814 tibi
852 1743 1101 1832 prosperitatem
1116 1742 1271 1826 adicient,
1288 1741 1434 1812 liberali·

304 1866 355 1928 ter
370 1859 564 1946 elargimur,
579 1857 674 1926 lirma
688 1856 886 1946 credulitate
901 1860 1070 1938 tenentes,
1098 1851 1187 1938 quod
1211 1860 1333 1937 quanto
1358 1869 1433 1938 gra·

304 1969 385 2037 tiam
400 1965 607 2053 grandiorem
623 1967 666 2034 ab
682 1963 875 2052 Apostoliea
891 1961 977 2032 Sede
993 1961 1191 2050 peroeporis,
1201 1957 1433 2030 lantelerven·

303 2077 380 2144 tiori
395 2075 502 2144 studio
517 2074 561 2143 ad
576 2075 801 2144 exterminium
816 2071 991 2160 pravitatis
1000 2071 1143 2138 heretioe
1153 2070 1335 2138 laborabis.
1344 2070 1433 2140 Hine

304 2192 372 2268 est,
390 2185 478 2270 quod
493 2190 526 2254 te
542 2183 726 2252 affectionis
739 2189 878 2271 paterne
894 2179 1039 2249 brachiis
1054 2179 1300 2268 amplexantes,
1320 2198 1432 2267 perso·

303 2311 380 2360 nam
395 2301 485 2364 tuam
500 2301 572 2360 eum
588 2291 737 2361 omnibns
753 2291 848 2359 bonis
864 2289 939 2374 tuis,
956 2309 1019 2375 que
1034 2289 1318 2376 impresentiarum
1333 2289 1433 2358 ratio

303 2383 456 2470 nobiliter
471 2403 634 2486 possides,
651 2401 711 2468 sub
728 2400 824 2469 Beati
839 2399 929 2467 Petri
944 2403 979 2466 et
993 2403 1107 2468 nostra
1120 2400 1323 2486 protectione
1332 2398 1433 2466 susei-

303 2508 421 2596 pimus,
439 2516 472 2575 et
487 2510 651 2595 presentis
667 2509 780 2595 seripti
797 2507 978 2594 patrocinio
994 2507 1233 2595 oonfirmemus,
1252 2508 1432 2578 districtius

304 2616 510 2705 inhibentes,
526 2624 562 2683 ut
578 2617 653 2685 dum
668 2637 728 2705 pro
744 2617 929 2684 reverentia
943 2617 1172 2704 Redemptoris
1187 2623 1299 2686 eontra
1312 2615 1432 2696 hereti:

303 2741 360 2792 eos
375 2726 557 2812 perstiteris
573 2724 804 2810 debellandos,
821 2726 928 2794 nullus
944 2744 1043 2812 super
1057 2727 1153 2795 bonis
1168 2723 1295 2794 eisdem
1309 2731 1343 2794 te
1357 2745 1429 2812 pre·

302 2841 412 2905 sumat
425 2833 571 2902 indebite
586 2833 773 2905 molestare.
804 2835 893 2902 Nulli
919 2854 997 2919 ergo
1014 2841 1075 2902 ato.
1091 2841 1203 2902 nostre
1219 2833 1430 2920 protectionis

304 2947 337 3006 et
353 2939 555 3014 inhibitionis
571 2943 750 3030 infringere
766 2949 828 3010 eto.
845 2944 881 3012 Si
897 2944 971 3027 quia
983 2949 1163 3013 autemete.
1174 2946 1295 3012 Datum
1305 2943 1431 3014 Perusii

303 3047 390 3117 XVI.
408 3049 476 3118 kal.
493 3050 697 3140 Novembris,
714 3051 926 3120 Pontificatus
941 3053 1045 3120 nostri
1059 3072 1146 3122 auno
1161 3061 1290 3122 oetaeo.

409 3156 572 3245 Soriptum
588 3167 753 3247 estsuper
769 3161 832 3228 hoo
849 3210 856 3226 .
874 3211 882 3228 .
901 3209 909 3226 .
927 3161 1093 3247 Episoopo
1103 3162 1332 3247 Zagabriensi.
1349 3161 1430 3230 Oum
1568 3197 1576 3212 .

301 3264 559 3334 Illustrissimum
574 3268 608 3336 in
624 3267 750 3338 christo
767 3269 866 3338 tilium
877 3268 1113 3338 Colomannum
1122 3271 1245 3358 Regem
1260 3271 1430 3356 illustrem,

302 3373 357 3456 qui
373 3374 444 3442 zelo
459 3374 536 3444 fidei
552 3397 592 3443 ae
607 3375 790 3446 deuotionis
805 3396 965 3448 aecensus
982 3379 1077 3465 signo
1099 3379 1228 3450 vivifice
1254 3382 1360 3450 oruoia
1377 3399 1428 3448 as-

302 3488 432 3567 sumpto
457 3483 626 3571 proposuit
649 3485 811 3554 heretioos
836 3485 877 3555 de
903 3487 1077 3554 Solanonio
1096 3488 1246 3576 partibus
1270 3489 1304 3554 in
1331 3507 1429 3558 manu

301 3589 377 3656 lorti
393 3598 425 3658 et
440 3592 576 3661 braohio
593 3601 726 3662 extento
742 3595 881 3664 uiriliter
897 3598 1071 3684 extirpare,
1090 3617 1162 3666 eum
1172 3599 1322 3666 omnihus
1333 3597 1429 3667 bonis

300 3697 388 3776 suis,
412 3719 476 3784 que
495 3700 777 3788 impresentiarum
794 3705 1033 3773 rationabiliter
1049 3706 1218 3792 possidet,
1245 3709 1307 3778 sub
1331 3706 1428 3776 Beati

300 3803 389 3876 Petri
403 3811 644 3894 susceperimus
660 3813 863 3898 protectione
888 3833 927 3882 ao
948 3823 1083 3900 nostra,
1111 3814 1298 3885 inhibentes
1321 3816 1429 3886 distri-

301 3911 404 4001 otius,
421 3923 456 3983 ut
470 3915 548 3984 (lum
563 3937 624 4004 pro
639 3921 822 3990 reverentia
837 3921 1066 4009 Redemptorie
1082 3929 1197 3992 eontra
1210 3924 1359 4010 prelatos
1374 3925 1428 3994 he-

299 4017 424 4089 retieos'
436 4026 615 4108 perstiterit
639 4027 853 4096 debellandos
869 4037 930 4097 ete.
954 4037 990 4098 ut
1006 4049 1105 4118 supra
1119 4051 1224 4116 usqua
1239 4034 1433 4120 molestare5

300 4127 499 4198 lratemitati
514 4137 568 4200 tue
584 4153 642 4220 per
658 4135 850 4222 Apostolioa
875 4137 1000 4223 scripta
1024 4139 1235 4225 mandamus,
1263 4147 1427 4226 quatenus

300 4232 407 4320 ipsum
423 4245 536 4305 eontra
551 4245 777 4328 protectionis·
790 4252 823 4311 et
847 4245 1049 4316 inhibitionis
1073 4255 1185 4317 nostre
1200 4255 1347 4317 tenorem
1363 4269 1427 4318 non

299 4343 469 4428 permittes
484 4347 527 4414 ab
543 4349 706 4432 aliquibus
722 4349 869 4422 indebite
885 4355 1064 4442 molestari,
1076 4359 1308 4428 molestatores
1318 4357 1426 4426 huius-

300 4447 387 4512 modi
404 4455 465 4515 ete.
483 4459 644 4540 utsupra.
660 4459 781 4525 Datum
796 4467 956 4549 utsupra.

355 4583 419 4654 (ΙΧ.
438 4583 567 4662 Geren
585 4591 663 4666 popa
679 4597 867 4671 negotiabor
885 4603 1011 4660 rheno
1029 4605 1066 4660 ro.
1086 4625 1123 4664 n.
1141 4609 1164 4666 1.
1185 4609 1243 4665 soe.
1263 4609 1325 4668 rao.
1345 4603 1379 4685 r.)

732 4751 977 4770 μ’*ᾕ-ι--ι
