3214 5072
305 553 379 628 dum
390 553 422 626 in
432 557 580 626 conflictu
590 581 736 632 essemus
757 551 936 648 galearum,
956 559 1132 630 saladinus
1148 560 1236 629 venit
1251 559 1294 628 ad
1310 580 1423 628 muros

304 669 445 738 ciuitatis
462 675 589 734 armata
607 677 717 754 manu,
744 680 776 736 ct
800 671 935 736 uiriliter
960 689 1149 754 expugnare
1176 671 1276 754 cepit,
1301 677 1334 734 et
1357 691 1419 736 nos

303 777 445 842 uirtuose
462 779 606 860 cepimus
623 778 653 842 ei
679 779 844 845 resistere.
867 777 1152 846 Descendentibus
1177 795 1256 843 vero
1281 784 1416 843 nostra-

302 885 389 950 tibus
405 883 446 948 de
462 884 568 967 galeis
585 905 657 950 cum
675 885 795 968 gaudio
813 894 845 952 et
861 886 1060 952 exultatione
1078 884 1122 951 ad
1138 903 1246 950 muros
1262 905 1416 970 propera·

301 1000 384 1074 runt,
402 999 435 1058 et
452 1011 507 1058 eos
523 995 636 1076 procul
651 994 814 1076 eiecimus,
832 1002 863 1058 et
879 996 953 1078 plus
978 1013 1075 1076 quarn
1092 993 1182 1058 mille
1198 993 1303 1062 exeis
1320 993 1418 1058 inter-

302 1099 448 1184 fecimus,
479 1109 513 1166 et
542 1101 589 1166 sic
620 1121 678 1168 nos
709 1102 856 1169 uisitauit
880 1104 978 1186 Deua,
1007 1109 1040 1167 et
1065 1103 1142 1168 fecit
1157 1102 1195 1166 R.
1212 1122 1243 1186 p.
1262 1102 1305 1182 S,
1323 1107 1355 1165 ct
1372 1099 1417 1166 ab

302 1208 479 1274 obsedione
496 1227 568 1274 eum
587 1207 819 1294 ‘cessare-fecit.
845 1211 1000 1276 Pretcrea
1016 1209 1135 1274 Divina
1158 1207 1364 1295 providentia
1384 1207 1417 1273 in

302 1323 426 1382 tantum
443 1318 634 1386 corrasimus
650 1337 731 1400 cum,
750 1317 835 1401 quod
852 1318 1000 1384 residuas
1017 1319 1135 1402 galeas
1153 1325 1185 1382 ct
1211 1323 1321 1380 cetera
1350 1314 1417 1380 cdi-

234 1505 238 1510 ·
302 1421 377 1489 ficia
400 1445 499 1490 manu
523 1425 652 1510 propria
681 1443 890 1491 concremaro
916 1445 988 1491 eum
1014 1423 1162 1510 oportuit.
1187 1427 1300 1507 Itaque
1325 1420 1417 1488 nulla

299 1531 398 1614 galea
422 1533 453 1598 ei
476 1535 642 1613 remansit,
666 1540 698 1600 et
722 1553 781 1620 per
797 1534 906 1600 omnia
921 1552 980 1598 nos
996 1553 1087 1600 mare
1103 1533 1238 1598 liberum
1254 1542 1412 1613 tenemus,

296 1646 328 1702 ct
343 1658 495 1706 eumuna
510 1643 619 1725 galea,
639 1661 735 1722 quem
750 1642 933 1725 habuimus,
950 1639 1011 1706 XV
1027 1641 1122 1707 modo
1139 1643 1254 1725 galeas
1270 1640 1414 1726 posside-

294 1766 374 1832 mus,
401 1767 483 1830 quas
509 1768 620 1815 omnes
646 1749 767 1817 Divino
797 1758 877 1818 nutu
908 1750 1066 1818 Saladlno
1096 1749 1298 1816 abstulimus.
1323 1747 1414 1812 (ibri-

290 1854 388 1923 stiani
404 1875 482 1922 vero
503 1863 734 1942 exspectantes
758 1858 916 1925 auxilium
940 1865 1088 1925 vestrum
1114 1857 1157 1920 ad
1182 1857 1337 1922 honorem
1359 1873 1413 1920 ve·

290 1971 390 2032 strum
406 1969 439 2029 et
455 1965 595 2030 omnium
615 1964 873 2032 Christianorum
883 1966 1023 2033 retinent
1040 1964 1208 2045 Graecum,
1225 1971 1258 2032 et
1273 1968 1415 2029 montem

290 2075 446 2155 Regalem
462 2073 633 2159 Belveder,
652 2081 685 2138 et
701 2074 868 2159 Saffetam,
885 2084 981 2158 atque
998 2073 1134 2152 Belfort,
1153 2083 1184 2138 et
1200 2074 1331 2156 Tyrum,
1349 2087 1414 2154 que

237 2193 245 2214 ·
292 2181 384 2246 nobis
400 2200 617 2248 reservamus.
628 2181 736 2260 Quare
747 2181 938 2250 celsitudini
954 2191 1061 2248 vestre
1071 2181 1257 2265 supplicare
1278 2199 1343 2245 non
1358 2180 1413 2248 de·

293 2289 457 2373 sistimus,
483 2297 644 2373 quatenus
670 2291 812 2376 vestigia
836 2290 1103 2375 predecessorum
1123 2296 1303 2354 uestrorum
1319 2289 1411 2372 sequi

293 2397 478 2480 dignemini,
505 2403 538 2462 et
562 2397 681 2464 terram
710 2399 805 2483 Syrie
833 2398 908 2464 olim
925 2391 955 2464 'a
981 2393 1269 2482 predecessoribus
1293 2395 1410 2461 uestris

290 2501 514 2588 perdomitam,
539 2523 623 2569 nunc
639 2525 660 2570 a
675 2505 826 2572 barbaris
845 2513 1049 2589 occupatam,
1065 2505 1106 2570 de
1122 2511 1285 2589 potestate
1301 2524 1404 2589 paga·

291 2631 404 2676 norum
422 2611 562 2678 liberare
587 2631 652 2678 non
678 2615 825 2680 cessetis.
852 2612 956 2691 Quem
982 2612 1188 2679 clamemus?
1212 2612 1264 2678 cui
1289 2613 1322 2676 in
1346 2612 1406 2678 Re-

291 2719 387 2800 gibus
402 2719 614 2802 regnantibus
631 2716 877 2805 supplicemus?
901 2721 1099 2804 iguoramus.
1124 2719 1254 2786 Clamat
1280 2737 1338 2786 vos
1362 2720 1405 2784 si·

291 2827 419 2910 quidem
436 2827 626 2911 Jerusalem,
642 2829 760 2896 inuitat
775 2849 833 2895 vos
849 2827 1050 2912 Bethlehem,
1065 2835 1100 2892 ut
1116 2829 1156 2894 de
1171 2833 1333 2913 potestate
1348 2845 1406 2910 pa·

291 2951 446 3017 ganorum
463 2955 520 3002 eas
537 2935 690 3003 liberetis.
716 2937 776 3002 Cui
792 2937 877 3003 enim
892 2935 1134 3020 imputabitur?
1157 2955 1178 3000 a
1202 2955 1267 3019 quo
1297 2942 1360 3014 nori
1384 2953 1406 3000 a

292 3043 498 3128 Principibus
524 3045 625 3112 totius
650 3048 738 3112 orbis
764 3047 970 3131 requiretur?
994 3046 1022 3111 si
1047 3046 1121 3112 loca
1136 3044 1240 3111 Sacra
1256 3065 1277 3109 a
1292 3043 1408 3110 barba·

290 3151 335 3217 ris
350 3152 587 3236 possideantur.
606 3154 657 3219 Ad
673 3153 732 3219 hoo
748 3155 834 3219 enim
850 3154 1007 3219 Dominus
1025 3151 1105 3217 duos
1125 3153 1255 3235 gladios
1271 3152 1304 3217 in
1320 3158 1406 3218 terre

288 3259 420 3344 statuit;
437 3254 599 3327 Summum
616 3263 768 3329 videlicet
783 3261 979 3345 Pontificem,
998 3267 1030 3326 ct
1044 3263 1152 3344 Reges
1168 3267 1355 3345 regnantes,
1366 3268 1406 3324 ut

287 3367 365 3449 quid
380 3368 592 3452 spiritualiter
606 3361 723 3452 nequit
732 3371 897 3452 refrenari,
909 3387 986 3436 ense
999 3369 1128 3434 uindice
1139 3369 1255 3434 saltem
1268 3368 1403 3434 ulcisca-

288 3481 348 3539 tur.
373 3475 479 3541 leeat
495 3495 573 3562 ergo
596 3477 725 3560 gladius
750 3488 870 3561 vester,
896 3484 928 3542 et
954 3477 1136 3543 dominetur
1160 3476 1278 3560 ubique
1303 3483 1402 3541 terra-

288 3599 376 3666 rum;
401 3590 435 3647 et
449 3603 512 3666 que
528 3585 665 3651 aliorum
683 3585 907 3652 imbecillitate
924 3585 1048 3651 amissa
1076 3593 1161 3670 sunt,
1176 3583 1322 3669 potentia
1338 3586 1402 3650 uir·

287 3690 363 3756 tutis
381 3699 485 3756 vestre
502 3699 730 3759 restaurentur.
747 3693 915 3759 Festinato
931 3713 1018 3778 ergo,
1030 3691 1303 3760 Christianissime
1320 3694 1400 3776 Rex,

257 3819 261 3837 ·
288 3803 321 3863 et
336 3817 377 3862 ne
393 3797 539 3882 tardetis,
557 3801 664 3868 sedin
680 3802 826 3883 proximo
842 3821 951 3868 mense
961 3803 1067 3886 Aprili
1077 3803 1198 3884 uenire,
1209 3803 1263 3867 vel
1275 3803 1403 3894 aliquos

286 3905 412 3992 mittere
429 3907 617 3992 procuretis,
634 3915 669 3974 ut
685 3909 834 3976 ciuitates
844 3910 989 3985 amissae
999 3910 1156 3977 adversus
1168 3931 1228 3976 vos
1239 3915 1403 3992 nequeant

287 4013 423 4100 vallari;
441 4017 538 4080 immo
555 4016 714 4084 barbaras
731 4016 891 4084 domando
917 4021 1078 4103 nationes,
1105 4020 1246 4086 amissas
1270 4037 1401 4102 recupe-

285 4137 367 4204 rare,
385 4131 418 4188 et
433 4143 513 4206 quas
530 4125 584 4190 diu
601 4125 818 4209 possederunt
833 4127 925 4194 brevi
941 4127 974 4192 iu
991 4133 1135 4212 tempore
1152 4128 1265 4195 ditioni
1290 4136 1398 4196 vestre

284 4227 423 4294 valeatis
440 4231 629 4315 adiungere.

287 4400 325 4476 (Α
343 4401 419 4458 hecar
438 4424 478 4464 cs.
500 4408 601 4466 udvari
629 4410 772 4482 lriinyvtdr
800 4409 879 4466 XIII.
908 4409 1023 4466 ozdaadi
1053 4412 1138 4485 egyik
1165 4413 1285 4471 henirati
1312 4409 1399 4468 Code-

580 4500 673 4572 xebbl,
694 4503 754 4558 982.
775 4519 814 4559 sz.
834 4517 861 4556 a.
880 4501 923 4557 29.
944 4501 974 4556 ds
993 4503 1039 4558 30.
1062 4501 1115 4570 11.).

717 4657 958 4668 uun—um..
