3214 5066
650 343 817 456 *tii-

172 548 299 616 Dcmns
314 546 377 616 Dei
392 543 561 628 essignaui
583 539 761 628 prouentus
780 540 976 628 temporales
991 541 1213 616 Ecclesiamm
1228 543 1289 612 eci·

173 657 252 724 licet
266 656 388 724 Sancte
403 652 525 735 Maric,
541 659 574 718 et
590 651 703 720 Sancti
717 649 894 719 Vitlebaldi
902 691 912 736 ,
928 657 961 718 et
976 652 1090 720 Sancti
1103 651 1235 720 Martini
1249 650 1290 722 de

174 764 364 842 Pannonia,
390 771 423 830 et
438 761 552 830 Sancti
566 758 699 834 Martini
714 759 755 826 de
769 759 985 846 Kedreishig‚
1005 761 1094 829 etde
1109 759 1241 847 Tepey‚
1258 767 1292 828 ot

175 873 288 942 Sancti
302 869 450 938 Ladizlai
464 869 506 938 dc
522 867 618 956 Selyz
627 915 636 950 ,
661 874 695 934 ct
710 867 859 936 Omnium
875 869 1068 938 Sanctorum
1084 870 1125 938 de
1140 867 1289 936 Temerd.

281 979 325 1046 Vt
339 983 448 1048 autem
465 977 567 1046 series
583 963 687 1044 buius
697 976 924 1064 disposicionis
939 977 1038 1046 nullis
1054 998 1198 1064 unquam
1210 984 1290 1048 torn·

174 1088 308 1176 poribus
324 1087 427 1173 possit
442 1088 476 1152 in
492 1085 615 1152 irritum
631 1085 790 1172 reuocari,
806 1072 870 1154 sed'
881 1087 976 1154 selua
991 1105 1120 1172 semper
1136 1093 1170 1154 et
1184 1088 1291 1156 incon·

177 1218 275 1268 cussa
289 1197 392 1264 nostri
407 1202 653 1278 nostrorumque
678 1190 900 1264 successorum
924 1195 1143 1282 temporibus,
1167 1216 1290 1284 perma-

174 1315 272 1386 neat,
296 1311 487 1391 presentem
507 1302 725 1374 concessimus
749 1305 904 1391 pagiuam
920 1301 1058 1393 duplicis
1073 1307 1173 1390 sigilli
1188 1309 1290 1376 nostri

175 1402 351 1482 munimine
366 1414 399 1480 iu
415 1420 605 1501 perpetuum
621 1412 817 1480 roboratam.
838 1415 959 1480 Datum
975 1432 1061 1480 auno
1078 1401 1121 1482 ab
1136 1415 1290 1484 lucarna-

176 1524 269 1592 cione
279 1521 412 1594 Domini
420 1519 676 1606 M⁰cc⁰xxv1⁰‚
686 1519 791 1604 Regni
804 1521 907 1590 nostri
922 1540 1006 1588 auno
1016 1521 1170 1616 vicesimo
1180 1523 1291 1618 tercio.

246 1699 391 1778 (Eredetie
409 1697 554 1760 taltltcrik
572 1717 590 1754 a
602 1697 823 1786 'ezoni-mirtcni
839 1696 990 1774 idapitsrtg
1008 1695 1226 1768 lcvtlctrtban).

604 1891 843 1907 -w-——m--wn

234 2337 281 2405 II.
298 2337 406 2402 Endce
421 2337 526 2424 circlp
544 2335 661 2402 Tisaia
675 2347 753 2402 rrcod
768 2337 846 2401 citez
862 2335 1043 2402 totonderit
1051 2334 1132 2423 jelen
1148 2337 1231 2404 rector

563 2445 771 2532 jodaimaaza.
801 2445 898 2510 1226.
1013 2513 1016 2521 ,

282 2623 431 2692 Andreas
444 2623 506 2690 Dei
521 2623 634 2710 gracia
644 2615 821 2709 Hungarie,
832 2623 1013 2709 Dalmatio,
1024 2623 1168 2710 Oroacie,
1179 2623 1290 2711 Rama,

178 2733 300 2815 Seruio,
312 2732 447 2816 (inlicie,
458 2731 714 2816 Lodomerieque
724 2729 794 2797 Rex
811 2731 844 2798 in
859 2733 1050 2818 perpetuum
1065 2733 1212 2800 omnibu
1221 2749 1302 2820 pre·

177 2848 286 2909 sentes
313 2839 437 2907 litteras
461 2840 655 2927 inspecturis
677 2840 817 2908 salutem
832 2839 865 2905 in
881 2841 962 2907 Dec.
992 2839 1044 2907 Ad
1068 2841 1291 2912 uniuersorum

176 2949 330 3018 noticiam
345 2955 411 3016 tam
426 2951 631 3036 presencium
646 2955 743 3034 quam
758 2950 990 3032 subsequornm
1008 2939 1162 3019 'uolumus
1177 2969 1291 3037 perue-

175 3060 266 3144 nire,
282 3055 369 3142 qucd
384 3075 443 3124 nos
458 3058 561 3142 Regio
577 3055 841 3143 perspicacitatis
856 3057 972 3124 sedula
987 3057 1204 3128 meditaciono
1219 3057 1290 3146 pe'r·

176 3165 356 3254 pendentes
365 3214 374 3250 ,
390 3165 495 3250 Regio
510 3183 688 3250 congruere
703 3164 817 3231 honori
832 3169 865 3230 ct
880 3165 1051 3232 conuenire
1067 3168 1210 3254 racioni,
1234 3187 1292 3237 eos

177 3273 290 3360 Regiis
305 3272 423 3341 debere
439 3273 550 3340 extolli
565 3273 717 3359 presidiis
743 3279 776 3338 et
799 3272 930 3357 premiis
958 3271 1105 3342 decorari
1119 3273 1291 3361 dometicis,
1417 3272 1419 3276 ’

177 3401 257 3469 quos
272 3381 341 3448 suis
358 3382 504 3450 seruiciis
533 3387 566 3448 et
589 3379 778 3467 Reipublice
799 3380 975 3447 commodis
991 3381 1164 3467 perpendit
1178 3383 1291 3452 laude·

111 3575 116 3582 ¹
176 3491 286 3558 biliter
300 3489 482 3556 insudasse.
508 3487 730 3556 consideratis
744 3486 857 3570 itaque
873 3487 995 3554 meritis
1010 3507 1051 3555 ac
1067 3489 1213 3559 seruiciis
1228 3492 1290 3558 dir-

171 3599 343 3681 tnosisquo
358 3597 608 3684 complaccnciis
631 3594 738 3662 fidelis
761 3595 864 3661 noemi
889 3593 1017 3664 cuidam
1051 3593 1165 3688 (igyt)
1205 3597 1294 3687 Thy.
1391 3622 1392 3626 =

176 3705 297 3790 waldi,
324 3705 404 3773 uilia
427 3703 581 3774 uidelicet
599 3705 719 3773 Melete
734 3720 837 3788 prope
852 3707 994 3772 castrum
1009 3715 1155 3774 nostrum
1172 3707 1292 3778 Gumur

177 3816 338 3882 existente
353 3814 434 3894 orti,
460 3813 574 3900 quibus
590 3813 676 3881 idem
690 3833 712 3880 a
726 3811 868 3900 puericie
884 3831 943 3879 sue
958 3816 1158 3902 temporibus
1174 3818 1208 3884 iu
1222 3835 1288 3886 scr-

176 3922 271 3990 uiciis
285 3921 435 3990 fidelibus
460 3943 500 3992 ac
519 3921 628 3990 arduis
643 3923 738 3990 nobis
754 3927 788 3990 ct
803 3939 919 3989 corone
935 3921 1086 3994 exhibitis
1102 3927 1209 3995 clarus
1224 3926 1293 3996 eni·

176 4031 256 4116 tuit3
281 4029 315 4097 in
339 4033 451 4118 specie
475 4010 583 4098 autem
610 4051 682 4098 cum
697 4029 732 4098 in
747 4028 925 4098 subsidium
940 4035 1025 4099 terre
1040 4032 1159 4100 Sancte
1174 4032 1292 4101 Hiero·

179 4140 323 4226 solymit.
347 4159 434 4208 anuo
458 4141 629 4208 millesimo
645 4137 713 4207 00⁰
728 4137 868 4226 septimo
884 4157 984 4226 supra
998 4141 1079 4208 xum
1094 4159 1158 4209 non
1174 4141 1292 4212 dudum

177 4248 291 4335 elapso
307 4267 421 4316 nemus
431 4249 608 4318 Palatinam
623 4248 911 4337 proficisceremur,
929 4250 1059 4333 quidam
1074 4269 1151 4318 urus
1165 4251 1292 4327 beticum

177 4355 210 4422 iu
225 4353 330 4424 aciem
344 4355 486 4425 mediam
500 4358 671 4442 irruendo,
696 4363 795 4441 atque
819 4355 903 4425 adeo
927 4363 1003 4444 post
1025 4359 1195 4426 multorum
1210 4365 1292 4430 stra·
1410 4413 1413 4422 .

178 4483 251 4582 gem
267 4463 527 4552 etpostinfliotc
542 4467 797 4553 quampluribus
824 4465 967 4556 letaliter
988 4467 1142 4554 uulnera,
1166 4467 1233 4538 iam
1259 4473 1294 4536 ct
1404 4501 1408 4518 ·

167 4585 239 4640 ¹nos
253 4571 490 4661 tausirisset,
513 4577 579 4645 nisi
601 4577 688 4644 idem
712 4573 913 4662 'Phywaldns
929 4575 1165 4662 antesignanus
1180 4576 1293 4648 mortis
1418 4605 1421 4612 ·

150 4675 159 4688 ’
184 4697 256 4750 sese
279 4681 430 4751 manibus
453 4703 513 4761 seu
537 4682 669 4755 uictime
694 4684 896 4752 committens
921 4701 940 4750 e
962 4683 1069 4752 medio
1084 4684 1168 4757 aciei
1182 4685 1292 4754 dextre
