3222 5054
772 300 931 400 jos

288 490 359 557 ensi
375 489 549 579 Episcopis
565 493 733 562 Ecclesiae
751 497 814 564 Dei
830 499 968 566 feliciter
983 502 1247 586 gubernantibus.
1263 513 1411 583 Dionisio

287 597 414 667 Gemite
438 602 606 687 Palatino,
631 603 810 674 Benedicto
836 607 903 676 filio
927 609 1054 676 Samud
1072 614 1148 680 aule
1163 623 1273 684 nostre
1288 619 1411 690 Curiali

287 706 430 796 Gemite,
456 707 612 778 Ladislao
629 713 870 804 blussuniensi‚
897 719 1033 786 Nicolao
1052 721 1270 811 Baachiensi,
1296 729 1410 796 Buzad

286 817 520 904 Suppruniensi
536 820 724 907 Comitibns,
740 821 880 893 Nicolao
892 825 1181 916 Tauuarnicorum,
1193 831 1410 920 PhylaDapi-

286 923 446 1012 ferorum,
462 926 623 995 Michaele
639 928 852 1018 Agasonum‚
870 935 1040 1022 Stephano
1056 939 1289 1006 Pincernarum
1305 943 1409 1027 Magi·

285 1033 372 1118 stris,
389 1038 421 1099 et
436 1035 513 1102 aliis
530 1055 626 1119 quam
642 1038 787 1121 pluribus
804 1043 1017 1126 Magistratus
1034 1051 1068 1113 et
1081 1045 1258 1115 Comitatus
1274 1049 1409 1117 tenenti·

285 1142 364 1226 bus3
380 1143 485 1230 Regni
501 1149 610 1211 autem
626 1148 729 1214 nostri
745 1168 831 1216 anno
847 1151 1005 1220 vicesimo
1021 1173 1116 1222 nono.

405 1289 409 1296 ¹
447 1290 591 1392 (Eredetie
603 1339 621 1377 a
632 1323 849 1382 esent-mertem
862 1325 1018 1402 ldapdtseg
1030 1327 1253 1404 levdltdrdban.)

723 1589 971 1602 ——-

810 1829 887 1896 ΙΠ.

326 2007 372 2072 Π.
388 2005 497 2072 macra
512 2005 620 2092 kirctp
637 2006 814 2095 odandaya
829 2031 850 2071 o
866 2008 1004 2096 bulcoayi
1028 2012 1256 2080 cecat-derecte
1270 2018 1386 2104 epyddz

710 2121 867 2182 eadmero.
886 2119 983 2184 1232.

387 2293 534 2361 Andreas
550 2291 614 2360 Dei
631 2295 745 2380 gracia
762 2295 931 2380 Hungarie
948 2297 1017 2364 Rex
1033 2297 1181 2366 omnibus
1198 2299 1314 2384 quibus
1331 2322 1405 2388 pre-

282 2407 392 2471 sentes
408 2401 516 2470 littere
532 2401 654 2468 luerint
670 2408 800 2470 ostense
817 2407 957 2472 salutem
974 2413 1007 2472 et
1023 2425 1118 2474 omne
1134 2409 1263 2476 bonum.
1275 2411 1328 2477 Ad
1337 2413 1405 2478 nnl-

281 2518 447 2593 uepsorum
471 2515 538 2576 tam
559 2511 765 2596 presencium
782 2532 880 2595 quam
897 2513 1075 2580 futurorum
1090 2518 1243 2584 noticiam
1260 2519 1405 2587 uolumus

281 2619 471 2705 peruenire,
500 2619 586 2702 quod
600 2607 665 2687 'nos
692 2621 798 2704 studio
814 2621 867 2705 pie
884 2621 1077 2691 deuooionis
1094 2625 1267 2691 salubriter
1283 2625 1406 2692 inducti

240 2717 245 2726 “
280 2727 428 2794 Ecclesie
444 2727 564 2794 Sancte
581 2728 695 2796 Crucis
710 2729 743 2794 in
759 2729 876 2797 Bokon
895 2729 957 2796 snb
977 2737 1086 2797 monle
1101 2731 1215 2798 blanth
1231 2735 1404 2801 constitute

280 2836 322 2902 od
337 2821 567 2904 Monesterium
585 2838 625 2905 de
642 2838 739 2924 Belly
752 2837 957 2924 pertinentis,
970 2859 1067 2924 quam
1078 2861 1143 2907 non
1153 2841 1296 2907 muneris
1306 2861 1404 2926 quan-

280 2945 377 3031 titas,
405 2944 465 3011 sed
481 2943 646 3012 offerentis
663 2945 719 3032 pia
734 2946 846 3032 placat
863 2947 1002 3015 deuocio
1012 2996 1021 3031 ,
1042 2945 1084 3014 ob
1099 2947 1276 3015 remedium
1295 2949 1405 3015 anime

279 3059 387 3122 nostre
412 3055 604 3120 contulimus
630 3059 755 3123 tantum
781 3064 872 3125 terre
882 3055 1003 3122 ibidem
1019 3057 1107 3120 circa
1122 3061 1334 3123 memoratam
1349 3076 1404 3123 oa-

279 3161 411 3250 pellam,
422 3171 578 3246 quantum
596 3185 617 3230 a
634 3165 802 3249 cimyterio
817 3169 924 3248 potest
940 3163 990 3229 bis
1008 3165 1140 3247 saggita
1151 3165 1322 3246 attingere,
1333 3163 1404 3229 iure

278 3279 433 3360 perpetuo
449 3271 695 3358 possidendam
713 3291 771 3358 per
785 3269 914 3338 fidelem
930 3277 1077 3366 nostrum
1092 3269 1225 3336 Lucaeh
1236 3277 1313 3336 tunc
1323 3277 1402 3336 tem·

278 3385 368 3470 poris
386 3379 543 3448 Comitem
559 3378 600 3447 de
617 3379 733 3446 Bokon
750 3379 813 3445 sibi
828 3378 989 3444 iacientes
1006 3375 1181 3462 assignari.
1196 3377 1238 3442 nt
1250 3365 1291 3443 ‘ut
1307 3396 1404 3462 super

279 3487 402 3576 duplici
427 3489 514 3554 iaetu
534 3488 674 3573 saggitte
691 3487 805 3574 aliqua
820 3507 886 3556 non
901 3487 1006 3573 possit
1021 3485 1091 3552 fieri
1108 3486 1238 3553 occasio
1255 3489 1314 3552 seu
1331 3503 1404 3552 con·

277 3597 433 3666 tradiceio
444 3647 453 3681 ,
473 3595 571 3663 debet
596 3583 718 3682 sagitta
742 3597 827 3664 mitti
851 3615 872 3663 a
897 3595 1004 3662 medio
1028 3594 1184 3661 cimiterio
1203 3593 1248 3660 ed
1264 3599 1403 3679 quatuor

278 3714 400 3794 partes,
410 3704 564 3772 videlieet
575 3705 742 3788 orientem,
753 3703 932 3798 meridiem,
945 3702 1144 3770 occidentem
1163 3703 1402 3786 etoquilonem.

278 3816 321 3882 Vt
335 3813 433 3898 igitur
448 3811 510 3878 heo
527 3833 548 3878 a
563 3813 656 3878 nobis
672 3812 760 3880 saeta
772 3813 911 3880 donacio
928 3812 1025 3879 nullis
1042 3831 1184 3898 unquam
1202 3809 1408 3898 temporibus

277 3921 382 4010 possit
398 3921 592 4005 retraetari,
616 3920 675 3987 sed
692 3921 787 3988 salua
803 3941 933 4009 semper
950 3929 983 3990 et
998 3923 1195 3990 inconcussa
1209 3923 1403 4006 permaneat

276 4037 462 4118 presentem
477 4029 634 4115 paginam
649 4030 683 4096 in
699 4039 926 4117 argumentum
940 4037 1052 4097 nostre
1068 4027 1261 4096 donacionis
1281 4025 1404 4113 duplici

279 4139 387 4223 sigillo
402 4145 514 4206 nostro
535 4135 672 4206 lecimus
697 4140 896 4206 communiri.
929 4137 1051 4205 Datum
1075 4156 1161 4205 anno
1187 4135 1280 4203 verbi
1298 4137 1404 4203 incar·

276 4247 346 4314 nati
360 4245 624 4318 M⁰CC⁰XXXIL
642 4247 750 4335 Regni
764 4247 867 4314 nostri
883 4267 971 4314 anne
985 4245 1142 4314 vicesimo
1157 4263 1254 4311 none.
1358 4261 1361 4266 ’

439 4419 586 4494 (Eredetie
599 4439 617 4480 a
629 4422 844 4482 esent-mdrtoni
855 4418 1010 4495 idapdtsdg
1021 4418 1242 4495 terenuthen.)

710 4629 958 4650 Μ...-
