3214 5066
782 323 937 432 ‚Q
1064 305 1067 312 .

303 529 357 616 qui
376 487 546 610 dicebant,
571 523 658 608 quod
675 523 718 590 ab
735 522 858 590 eisdem
874 526 1111 590 sacramentum
1129 523 1253 589 nollent
1268 519 1423 612 exigere3

302 637 431 721 quidam
447 653 511 702 non
527 636 784 717 comparuerunt.
802 629 1018 709 Quamobrem
1028 629 1142 696 Abbas
1157 629 1301 720 prestitit
1316 628 1423 699 iratri-

199 736 201 746 ⁴
300 748 362 813 bus
372 743 436 810 looi
446 763 504 829 pro
516 741 644 807 iusticia
656 759 717 806 sua
729 744 762 805 et
772 737 966 806 iustificatos
981 737 1129 804 recessit.
1140 738 1232 806 Vnde
1243 738 1356 805 iterum
1367 758 1423 805 ue-

299 857 393 922 niens
403 853 447 920 ad
457 871 516 918 nos
527 850 681 933 exigebat
691 849 754 915 sibi
767 847 838 914 lieri
846 845 1009 914 iusticiam
1019 847 1053 912 in
1064 845 1222 913 omnibus.
1233 847 1301 914 Nos
1313 854 1422 915 autem

300 961 472 1028 intellectis
490 957 637 1024 omnibus
647 977 706 1044 per
721 955 923 1043 prestaldum
939 963 1083 1024 nostrum
1098 955 1147 1038 Β.,
1164 951 1424 1022 adiudicauimus

237 1045 240 1054 ’
261 1087 266 1098 ’
300 1067 477 1138 secundum
492 1061 772 1152 comparaoionem
788 1069 873 1130 terro
889 1064 1050 1148 Abbatis,
1067 1061 1107 1128 de
1123 1068 1211 1128 terra
1226 1061 1355 1130 illorum
1371 1081 1423 1129 as-

304 1177 431 1264 signari
445 1174 648 1257 tantundem,
666 1171 693 1240 si
708 1171 884 1258 haberent;
911 1179 943 1238 et
959 1171 988 1237 si
1004 1189 1068 1238 non
1084 1169 1244 1238 haberent
1252 1220 1261 1255 ‚
1288 1189 1347 1255 pro
1363 1169 1425 1239 illa

303 1295 392 1354 terra
407 1291 440 1351 et
455 1283 609 1350 talionem
626 1291 658 1348 et
674 1301 735 1367 pro
751 1279 900 1366 dampnis
917 1278 1017 1346 illatis
1032 1279 1067 1345 in
1082 1281 1155 1365 ipsa
1172 1287 1279 1363 terra,
1305 1278 1347 1346 de
1374 1299 1423 1345 re-

302 1397 363 1463 bus
373 1387 433 1458 ¹uel
448 1389 489 1457 de
503 1388 652 1476 personis
668 1409 778 1456 eorum
793 1388 1004 1456 redderentur
1020 1387 1119 1454 XXX
1135 1393 1168 1454 et
1183 1389 1212 1455 V
1227 1405 1348 1454 marce.
1382 1387 1424 1452 Vt

231 1577 235 1588 ,
304 1505 412 1569 autem
426 1499 490 1566 hoo
504 1500 539 1564 in
553 1476 717 1584 posterum
733 1499 889 1590 oblivioni
904 1516 970 1564 non
984 1497 1141 1580 tradatur,
1157 1503 1343 1581 presentem
1354 1513 1423 1562 car·

304 1611 406 1698 tplam
421 1608 558 1674 fecimus
574 1606 675 1674 diuidi
690 1626 751 1692 per
768 1605 981 1692 alphabetum
997 1613 1031 1673 et
1045 1611 1215 1690 utramque
1238 1611 1365 1690 partem
1381 1590 1431 1669 si-'

303 1718 375 1805 gilli
389 1717 494 1784 nostri
508 1716 687 1788 munimine
702 1714 868 1800 roborari;
894 1721 927 1780 et
943 1733 1039 1781 unam
1053 1719 1179 1799 partem
1195 1711 1343 1780 dedimus
1358 1715 1424 1780 Ab·

242 1899 247 1906 ,
302 1827 373 1895 bati
382 1824 651 1909 conseruandam,
664 1822 803 1892 alteram
818 1831 928 1891 autern
943 1822 1095 1889 iussimus
1110 1821 1225 1906 reponi
1239 1822 1273 1888 in
1291 1839 1424 1890 camera

243 1948 245 1954 ’
304 1933 533 2003 cruciferorum
549 1931 662 2002 Sancti
676 1933 775 2017 Regis
791 1931 948 2020 Strigonii
964 1930 1246 1998 commorancium.

305 2113 449 2186 (Eredetie
462 2129 480 2168 a
492 2109 695 2168 saentmdr'toni
707 2107 858 2182 fo'apltrtg
878 2107 1085 2167 levoltlrtban.
1100 2107 1190 2164 'Ezen
1201 2105 1301 2166 ntdori
1314 2104 1425 2165 itelctet

571 2199 782 2271 megerdsitetle
795 2197 832 2256 11.
844 2195 939 2253 Endre
952 2197 1046 2269 kirtly
1059 2195 1150 2269 1229.)

100 3033 104 3044 ,
227 3029 233 3055 ι
355 2955 472 3022 Mittor
487 2953 589 3019 reddor·
605 2977 626 3017 a
636 2951 871 3038 paoaoaltalmt'
888 2955 1031 3040 apdtnalr
1045 2953 1194 3019 Zaraaca
1210 2955 1388 3043 lelpsdpbcn
1406 2905 1408 2910 Ι

412 3083 413 3088 ¹
503 3061 579 3126 lato
592 3061 658 3126 roob
674 3059 837 3154 rzolpaaar
853 3056 909 3126 irat
923 3061 993 3127 oda.
1012 3063 1099 3126 1220
1115 3063 1216 3128 torol.
1246 3060 1249 3066 ’

411 3239 568 3306 Nicolaus
592 3236 762 3308 Palatinus
793 3245 825 3305 et
856 3240 973 3306 (lomes
1004 3240 1232 3328 Suprnniensis
1266 3245 1426 3312 universis

305 3355 497 3436 presentem·
513 3347 669 3435 paginam
694 3349 886 3435 inspecturis
910 3349 1047 3416 salutem
1073 3351 1105 3416 in
1126 3351 1265 3417 Domino
1282 3357 1314 3418 et
1330 3373 1425 3419 omne

303 3459 434 3526 bonum.
464 3456 516 3524 Ad
532 3457 689 3525 noticiam
709 3457 932 3525 uniuersorum
949 3458 1120 3544 peruenire
1136 3462 1302 3546 uolumus3
1328 3461 1425 3546 quod,

304 3581 377 3634 cum
391 3565 539 3632 homines
555 3565 703 3633 Ecclesia
719 3567 814 3634 Beati
830 3566 980 3650 Martini,
998 3567 1123 3634 scilicet
1138 3567 1268 3634 XXXII
1283 3569 1426 3636 mansio-

304 3693 364 3740 nes
380 3691 544 3740 seruorum
561 3674 602 3740 de
617 3674 697 3741 uilla
712 3675 878 3756 Zuranea,
905 3693 966 3756 que
992 3695 1034 3741 ex
1049 3675 1159 3742 debito
1174 3677 1337 3744 seruitutis
1352 3699 1426 3764 por-

305 3799 362 3850 cos
388 3799 527 3874 pascere
553 3789 734 3867 teneretur,
759 3785 802 3850 ab
827 3781 933 3851 officio
958 3782 1103 3851 eiusdem
1132 3783 1280 3854 Ecclesie
1295 3785 1425 3856 domino

305 3889 437 3957 Andrea
452 3892 542 3976 Rege
567 3891 653 3956 ultra
677 3911 768 3956 mare
793 3892 953 3960 existente
972 3893 1204 3959 contumaciter
1219 3913 1256 3960 se
1271 3898 1424 3964 retraxis-

306 4005 373 4084 set3
390 3999 502 4067 Abbas
519 3998 665 4066 eiusdem
678 3997 835 4084 Ecclesie,
856 4001 910 4086 qui
925 4021 997 4066 cum
1012 4003 1084 4087 ipso
1100 4002 1190 4086 Rege
1205 4000 1266 4070 iter
1280 4006 1424 4090 peregri·
1542 4013 1547 4033 ¹

305 4109 453 4175 nacionis
469 4108 664 4194 arripuerat,
678 4115 811 4194 peracto
826 4110 894 4175 noti
909 4107 1018 4176 debito
1034 4109 1150 4176 fidsset
1165 4105 1323 4197 reuersus,
1341 4113 1424 4204 Regi

306 4215 348 4280 do
363 4213 554 4282 infidelitate
569 4222 878 4300 prememoratorum
895 4237 1060 4284 seruorum
1077 4208 1308 4300 qne‘rimoniam
1324 4219 1422 4306 depo·

307 4323 380 4406 suit,
396 4329 427 4388 et
443 4329 577 4409 accepto
594 4325 637 4391 ab
653 4343 693 4391 eo
707 4324 872 4411 prestaldo
889 4323 963 4411 Ope
977 4323 1042 4392 lilio
1058 4325 1209 4410 Michael‚
1234 4327 1425 4396 uniuersali·

307 4437 356 4496 ter
371 4429 445 4496 illos
461 4449 573 4498 seruos
589 4431 771 4516 captiuatos
787 4433 878 4498 iuxta
893 4433 993 4517 Regis
1008 4439 1195 4518 preceptum
1219 4455 1278 4520 pro
1292 4435 1425 4502 racione

307 4533 419 4601 iudicii
434 4537 669 4608 conuinoendos
685 4535 830 4626 adduxit.
862 4539 926 4616 Qui
942 4541 975 4606 in
991 4543 1103 4605 nostra
1118 4541 1291 4625 presencia
1307 4542 1424 4609 consti·

308 4641 368 4706 tuti
383 4658 457 4706 reos
472 4661 508 4708 se
524 4661 595 4724 essa
623 4651 873 4730 cognoscentes,
900 4648 944 4714 ad
968 4645 1067 4733 podes
1093 4647 1235 4718 abbatia
1261 4649 1423 4732 prouolrti
