3214 5072
810 395 966 494 ..1.14‚„

336 589 469 672 Thoma,
490 587 573 658 filius
599 589 742 676 Keseyd,
767 589 952 658 Keuueohe.
977 591 1220 657 connumeratis
1247 589 1310 676 hijs
1336 589 1443 656 dicen-

335 697 408 764 dum
424 703 482 782 est,
499 697 615 782 quibus
630 698 723 762 metis
739 703 826 764 terra
842 697 979 784 predicti
994 697 1098 784 predii
1114 697 1214 765 Colon
1230 696 1443 764 confirmetur.

333 809 440 874 Prima
454 815 541 872 meta
557 803 669 892 incipit
683 803 723 870 do
738 803 881 892 Baianus
898 814 930 872 et
945 805 1050 872 tendit
1066 806 1108 872 ad
1132 805 1310 890 meridiem,
1337 811 1371 872 et
1395 812 1446 872 est

333 917 377 982 ibi
407 922 494 984 meta
508 915 621 998 inqua
637 921 686 982 est
702 915 807 1000 pinus,
824 915 864 980 de
875 914 956 1006 iude
972 913 1015 981 ad
1038 913 1216 998 Conaohes'²
1234 921 1266 980 et
1278 913 1356 981 'inde
1367 919 1443 978 ten·

311 1024 378 1115 ,dit
405 1023 500 1089 metis
531 1022 726 1110 interpositis
757 1021 801 1088 ad
830 1024 950 1089 vallem
975 1022 1121 1089 erbosam
1145 1027 1177 1088 et
1209 1031 1259 1087 est
1289 1023 1334 1087 ibi
1351 1020 1443 1086 fossa

330 1133 421 1198 iuxta
436 1151 533 1214 qnam
549 1121 621 1196 sunt
636 1129 698 1195 duc
713 1137 806 1212 mete,
824 1137 857 1196 et
873 1132 948 1198 inde
973 1131 1158 1198 extenditur
1185 1151 1253 1196 oum
1279 1129 1443 1206 densitate

331 1245 489 1314 metarum
503 1237 547 1304 ad
563 1238 677 1304 collem
694 1239 749 1322 qui
758 1237 855 1322 uulgo
872 1239 988 1305 dicitur
1003 1237 1213 1324 Apatfeereh,
1231 1245 1263 1304 et
1282 1238 1342 1304 sub
1359 1237 1442 1302 colle

329 1349 386 1414 illo
404 1355 477 1414 sunt
488 1347 551 1412 'due
565 1353 660 1430 mete,
678 1354 710 1411 et
725 1347 800 1412 inde
825 1344 988 1430 egreditur
1003 1345 1047 1412 ad
1062 1346 1188 1429 Ferteu,
1206 1353 1238 1412 et
1253 1345 1328 1412 inde
1343 1345 1439 1410 metis

330 1453 528 1541 interpositis
546 1453 727 1520 extenditur
743 1451 891 1520 adalind
907 1453 1035 1538 Ferteu,
1051 1459 1084 1518 et
1109 1453 1149 1518 de
1166 1455 1232 1519 alio
1250 1455 1294 1519 ad
1308 1452 1442 1518 tercium

331 1569 363 1628 et
388 1561 431 1626 ibi
454 1567 528 1630 sunt
552 1561 613 1626 due
640 1567 742 1644 mete3
768 1559 843 1629 inde
873 1557 1012 1626 flectitur
1042 1563 1137 1644 metis
1167 1541 1366 1645 interpositis
1397 1559 1440 1622 ad

329 1670 503 1737 Ruozlieou
519 1669 573 1735 ubi
589 1675 639 1735 est
654 1676 741 1735 meta
757 1669 790 1736 in
811 1690 876 1752 qua
892 1678 942 1736 est
957 1671 1072 1754 pinus;
1097 1667 1171 1736 inde
1186 1671 1230 1736 ad
1245 1675 1309 1734 tres
1325 1666 1440 1733 monti-

328 1779 418 1846 culos
435 1779 491 1864 qui
507 1785 580 1845 sunt
595 1781 629 1846 in
643 1779 777 1872 sabulo,
796 1779 856 1846 sub
874 1781 987 1862 quibus
1005 1785 1078 1846 sunt
1094 1785 1187 1863 mete,
1204 1787 1236 1843 et
1260 1778 1336 1844 inde
1351 1795 1442 1859 egre-

329 1887 414 1956 ditur
429 1889 472 1954 ad
487 1886 705 1971 monticulum,
723 1889 776 1970 qni
793 1887 889 1972 uulgo
905 1893 1107 1973 nuncupatur
1118 1884 1330 1967 Zoualsereh,
1347 1883 1439 1950 iuxta

327 2016 423 2080 quem
439 2001 489 2064 est
503 2004 608 2081 meta*
623 1996 655 2063 in
672 2015 737 2078 qua
752 2001 803 2060 est
818 2003 850 2061 et
866 1997 1015 2082 populus,
1042 2001 1073 2060 et
1097 1995 1144 2063 ibi
1162 1993 1274 2078 incipit
1300 1979 1438 2059 comme-

326 2106 390 2176 tari
405 2124 476 2170 oum
492 2089 577 2170 terra
602 2103 642 2169 de
668 2104 746 2168 nilla
769 2101 911 2188 Boubon,
936 2109 967 2170 et
993 2103 1099 2188 uergit
1129 2101 1173 2168 ad
1203 2099 1438 2168 occidentalem

325 2213 457 2297 plagam
469 2211 562 2277 metis
578 2211 776 2296 interpositis
787 2209 830 2276 ad
840 2211 997 2293 lenense,
1014 2217 1047 2274 et
1066 2207 1114 2276 ibi
1130 2215 1205 2276 sunt
1215 2207 1278 2276 due
1293 2214 1388 2292 mete,
1407 2213 1438 2272 et

327 2321 360 2385 in
375 2320 443 2386 alia
458 2327 508 2386 est
516 2320 620 2405 pinus,
636 2325 670 2386 et
684 2317 760 2383 inde
771 2319 938 2402 egreditur
955 2339 1024 2385 cunr
1049 2324 1204 2384 metarum
1221 2317 1381 2384 densitate
1396 2315 1440 2382 ad

327 2433 466 2494 montem
484 2428 538 2510 qui
554 2433 686 2494 uocatur
701 2423 892 2510 Varfeereh,
910 2427 1001 2493 iuxta
1018 2446 1113 2511 quem
1129 2433 1203 2492 snut
1218 2425 1389 2509 ducjmcte,
1406 2425 1438 2489 in

328 2533 441 2616 quibus
457 2541 507 2601 est
521 2535 635 2621 pinus,
659 2534 733 2600 inde
760 2533 902 2600 tenditur
918 2533 961 2599 ad
976 2554 1133 2623 campum,
1150 2533 1267 2602 deinde
1282 2533 1325 2600 ad
1340 2533 1436 2599 sabu-

326 2641 391 2707 lum
407 2643 488 2728 Bab,
504 2643 579 2710 inde
595 2642 741 2724 dirigitur
765 2643 860 2708 metis
888 2643 1089 2727 interpositis
1116 2643 1159 2708 ad
1184 2641 1377 2708 Homulrolm
1403 2649 1437 2706 et

290 2815 293 2822 .
324 2749 400 2816 inde
430 2753 538 2835 vergit
567 2751 610 2818 ad
641 2759 803 2834 stagnum,
834 2757 867 2816 et
897 2751 942 2818 ibi
974 2758 1050 2820 sunt
1082 2751 1144 2817 due
1170 2757 1274 2837 mete,
1301 2760 1334 2817 et
1359 2750 1436 2816 inde

325 2857 369 2925 ad
384 2860 494 2928 uillam
511 2859 651 2927 Michola
669 2867 701 2925 et
724 2859 892 2936 Rodum,
918 2881 978 2942 que
1004 2865 1055 2926 est
1079 2862 1188 2926 locata
1214 2859 1247 2924 in
1271 2864 1358 2924 terra
1373 2857 1434 2926 Eo-

325 2968 441 3054 clesie,
473 2975 506 3034 et
534 2967 625 3052 iuxta
655 2967 792 3033 eandem
826 2966 959 3052 uillam,
991 2967 1025 3031 in
1055 2973 1192 3050 quaest
1219 2971 1323 3049 meta;
1357 2965 1433 3034 inde

321 3077 439 3143 transit
463 3075 505 3144 ad
529 3083 688 3162 stagnum,
713 3071 829 3140 deinde
853 3073 955 3139 tendit
980 3093 1094 3140 uersus
1119 3075 1292 3142 ecclesiam
1313 3076 1432 3142 Sancte

325 3183 435 3251 Crucis
451 3203 553 3267 usque
570 3183 613 3250 ad
628 3183 751 3266 uillam,
770 3181 861 3247 iuxta
877 3201 972 3266 quam
990 3189 1065 3250 sunt
1081 3181 1144 3248 dne
1169 3190 1266 3267 mete,
1289 3181 1364 3247 iude
1390 3180 1433 3245 ad

325 3298 474 3376 stagnum
490 3292 593 3359 Golun
618 3309 689 3356 cum
705 3289 868 3357 densitate
893 3291 1048 3356 metarum
1073 3291 1265 3377 extenditur,
1290 3297 1322 3356 et
1345 3291 1431 3361 ultra

274 3455 282 3460 .
323 3401 424 3488 Colon
440 3401 474 3466 in
490 3401 585 3486 rippa
600 3409 673 3466 sunt
687 3395 749 3464 due
772 3405 875 3482 mete5
899 3397 974 3464 inde
1002 3399 1102 3466 tendit
1128 3399 1172 3464 ad
1196 3397 1431 3466 occidentalem

321 3511 455 3596 plagam
471 3507 514 3592 ad
529 3515 671 3574 montem
686 3505 883 3590 sabulosum,
899 3505 930 3574 in
946 3508 1041 3572 metis
1062 3507 1264 3592 interpositis
1281 3506 1431 3593 dirigitur

322 3616 365 3682 ad
379 3618 595 3696 monticulum,
611 3617 666 3700 qui
693 3622 827 3682 uocatur
842 3605 950 3700 ciera,
965 3615 1011 3681 ibi
1027 3623 1101 3683 sunt
1117 3615 1178 3681 due
1195 3623 1288 3698 mete,
1306 3617 1430 3682 atinde

320 3725 365 3792 ad
387 3724 593 3792 monticulum
618 3723 759 3800 tercium,
783 3722 830 3789 ibi
842 3722 906 3790 due
921 3729 1014 3791 meto.
1039 3725 1081 3790 Et
1095 3724 1169 3790 inde
1185 3725 1336 3790 Ecclesia
1350 3723 1430 3790 inci·

320 3833 506 3918 pithabere
522 3831 692 3899 terminum
710 3851 782 3898 oum
797 3839 884 3897 terra
903 3831 1051 3900 Ecclesie
1076 3831 1116 3898 de
1140 3831 1290 3914 Felduar,
1320 3829 1429 3914 dirigi·

319 3947 433 4023 turque
449 3946 604 4007 metarum
619 3937 779 4006 densitate
797 3939 840 4005 ad
864 3939 963 4006 alium
989 3945 1133 4006 montem
1153 3940 1260 4024 coest,
1286 3937 1331 4007 ibi
1354 3947 1429 4004 sunt

320 4047 381 4114 dne
397 4054 498 4134 mete;
516 4047 632 4115 deindo
649 4048 951 4126 concitatricem,
975 4056 1007 4114 et
1031 4045 1077 4114 ibi
1102 4055 1177 4114 sunt
1203 4047 1266 4114 dne
1281 4055 1375 4133 mete,
1395 4055 1429 4115 et

319 4153 432 4243 incipit
446 4155 567 4224 habere
582 4143 752 4222 terminum
768 4175 839 4222 oum
856 4161 942 4222 terra
958 4155 1071 4239 Egidi3
1095 4155 1169 4221 inde
1197 4154 1359 4240 egreditur
1383 4151 1428 4221 ad

319 4263 525 4333 monticulum
539 4258 660 4333 uersus
677 4265 974 4350 septemtrionalem
998 4258 1131 4348 plagam
1156 4269 1188 4328 ct
1212 4263 1306 4331 metis
1329 4261 1426 4329 iuter-

316 4372 430 4454 positis
446 4373 534 4439 uenit
548 4371 591 4439 ad
605 4389 706 4455 usque
721 4372 897 4457 pomerium
913 4369 1095 4454 Laurencii,
1113 4375 1147 4437 et
1161 4370 1250 4436 uenit
1264 4369 1309 4436 ad
1324 4371 1424 4456 uiam,

317 4480 406 4548 iuxta
423 4499 517 4564 quarn
534 4477 796 4558 santonenses,
822 4485 854 4545 et
878 4479 992 4564 incipit
1013 4477 1136 4555 habere
1160 4478 1328 4546 terminum
1353 4497 1425 4546 oum

318 4587 465 4656 ciuilibus
480 4589 683 4674 Albensibus,
700 4594 733 4656 et
745 4588 822 4656 inde
838 4587 928 4656 iuxta
942 4585 1077 4656 eandem
1087 4589 1173 4654 uiam
1184 4607 1255 4655 oum
1265 4593 1424 4654 metarum

316 4697 477 4764 densitate
508 4697 686 4764 extenditur
714 4695 756 4764 ad
786 4696 886 4764 aliam
909 4695 1004 4780 uiam,
1022 4715 1083 4780 que
1100 4693 1187 4763 ducit
1203 4693 1245 4764 ad
1271 4701 1423 4780 stagnum
