3198 5058
730 857 811 924 20⁰.

204 1033 315 1102 Jatub
333 1037 507 1123 prmeeztes'
520 1035 644 1124 pitspbk
668 1037 699 1102 ds
718 1039 825 1124 pdpao‘
847 1037 936 1103 toves
951 1060 972 1102 a
983 1037 1216 1126 puuuonbulmi
1233 1045 1330 1129 apcit-

383 1149 442 1234 usp
459 1147 491 1210 de
505 1143 632 1211 Fcibs'dn
647 1143 738 1232 loono
752 1146 838 1214 teeti
844 1147 964 1234 pes-beu
979 1147 1045 1214 teet.
1063 1150 1161 1216 1234.

312 1323 458 1394 Jeoobus
482 1323 695 1396 miseratione
718 1325 842 1430 Diuiue
866 1327 1076 1396 Prenestinus
1095 1329 1231 1398 Electus
1246 1327 1332 1416 Apo·

207 1431 323 1500 stoliee
338 1431 436 1502 Sedis
452 1435 595 1520 Legatos
611 1435 772 1504 uniuersis
788 1443 957 1522 presentes
983 1437 1110 1504 litteras
1138 1438 1334 1526 inspecturis

208 1541 348 1609 salutem
373 1541 407 1607 in
425 1542 576 1610 Domino.
612 1542 787 1620 Cum-solim
803 1543 913 1612 dileeti
929 1545 964 1612 in
981 1541 1117 1613 Christd
1126 1543 1253 1635 Vinius)
1270 1547 1334 1614 Ab·

207 1650 271 1718 bus
296 1656 329 1716 ot
354 1647 539 1720 Conuentus
563 1634 756 1740 Monsste'rij
774 1653 888 1722 Sunoti
903 1654 1035 1721 Martini
1051 1654 1092 1720 de
1109 1653 1210 1722 Suoro
1227 1655 1335 1721 Monte

210 1759 378 1826 Pannonio
395 1778 494 1847 super
508 1761 662 1830 Eoolesiu
677 1764 792 1832 Sancti
808 1763 966 1851 Spiritus,
981 1761 1185 1852 iquibusdam
1200 1763 1336 1847 palatiis

211 1872 245 1932 et
269 1865 344 1934 eliis
369 1869 575 1954 pertiuentiis
599 1871 643 1938 ud
668 1870 806 1938 eundem
832 1891 942 1938 eorem
970 1870 1153 1938 venerabili
1167 1877 1262 1958 patre
1278 1921 1285 1936 .
1302 1919 1334 1936 ..

211 1973 380 2042 Weeiensi
397 1976 562 2064 Episcopo
587 1985 621 2046 et
646 1979 870 2048 oouiudiuibus
896 1961 966 2047 eius
991 1999 1013 2047 e
1039 1979 1126 2047 Sede
1146 1981 1338 2066 Apostoiioa

212 2082 374 2170 delegetis
399 2091 513 2152 eontra
537 2087 679 2154 nobilem
703 2091 809 2156 uirum
834 2089 1018 2156 Fabianum
1044 2087 1198 2155 Dioeesis
1214 2089 1339 2174 Strigo-

212 2193 337 2261 utensis
352 2194 514 2262 mouerint
529 2195 752 2281 questionem,
778 2205 812 2263 et
827 2197 913 2264 idem
929 2202 1062 2284 propter
1078 2215 1170 2262 suurn
1187 2195 1340 2281 multipli-

215 2320 285 2368 eem
308 2304 549 2372 eontumaeiurn
575 2305 617 2372 ub
642 2303 768 2374 eisdem
793 2305 891 2372 fuerit
910 2305 1256 2374 exeommunicationis
1273 2305 1343 2371 uin·

215 2409 288 2476 uuio
312 2410 519 2496 innodetus‚.
535 2418 568 2480 et
591 2411 820 2480 niehilominus
846 2414 943 2482 dietis
968 2413 1091 2480 Abbati
1115 2419 1149 2479 et
1164 2411 1343 2480 Oouuentui

217 2537 317 2587 essse
331 2521 381 2587 rei
397 2519 558 2587 seruunde
574 2521 743 2606 possessio
754 2521 947 2589 adiudioeta
961 2521 1059 2588 fuerit
1075 2543 1096 2589 a
1112 2521 1274 2588 iudioibus
1291 2539 1343 2586 su·

217 2627 386 2716 prodetis,
403 2648 501 2714 quem
517 2649 581 2697 uon
597 2636 774 2716 potueruut
789 2631 936 2698 neuoisei
953 2637 1084 2718 propter
1094 2631 1275 2715 potentiam
1287 2626 1343 2694 ad-

217 2737 354 2804 uersarii
378 2739 569 2822 memorati,
593 2737 728 2805 tandem
753 2737 833 2806 dieti
858 2739 972 2805 Abbus
990 2745 1023 2804 et
1040 2735 1229 2805 conuentus
1246 2754 1345 2822 super

217 2844 280 2912 boe
305 2845 512 2913 obtinuerunt
536 2846 663 2914 litteras
687 2847 841 2933 prudenti
865 2853 898 2913 et
922 2845 1061 2914 discreto
1091 2847 1161 2912 uiro
1187 2845 1345 2930 Magistro

219 2953 337 3040 Egidio
352 2951 474 3022 domini
489 2955 581 3041 Pepe
597 2955 803 3023 Subdieoouo
820 2961 853 3025 et
869 2955 1071 3041 depellam,
1099 2961 1175 3020 tune
1190 2954 1223 3020 in
1239 2955 1347 3036 Vngu-

219 3061 268 3128 riu
284 3082 344 3148 pro
358 3061 503 3148 negotiis
518 3063 665 3130 Romane
681 3064 834 3133 Eootesie
862 3065 1017 3131 existenti
1058 3061 1121 3141 Qui
1146 3077 1348 3148 cognoscens

222 3172 459 3238 oontumeoinrn
474 3171 596 3238 nubilis
610 3173 781 3240 memorati
802 3191 933 3256 ueram,
961 3171 1206 3257 possessionem
1233 3191 1274 3237 ex
1300 3189 1349 3234 se-

221 3277 325 3346 eundo
341 3275 545 3346 adiudieuuit
559 3280 681 3346 Abbati
707 3285 740 3345 et
765 3277 947 3346 Oonueutui
972 3275 1191 3362 supradietis,
1217 3293 1259 3342 ex
1284 3293 1350 3357 qna

220 3393 353 3475 propter
379 3387 625 3475 proteruitstem
650 3386 797 3454 eiusdem
823 3385 944 3452 nullum
969 3385 1108 3450 fructum
1125 3383 1279 3466 consequi
1294 3403 1349 3468 po·

221 3501 361 3565 tuerunt.
378 3493 473 3562 Vnde
489 3515 562 3562 eum
579 3495 658 3562 dieti
669 3495 783 3564 dbbus
800 3500 833 3561 et
842 3493 1031 3560 Conuentus
1047 3491 1200 3576 dioerent,
1218 3511 1254 3560 se
1270 3494 1351 3557 mul-

223 3601 267 3670 tis
282 3603 435 3689 expensis
452 3609 485 3668 et
500 3603 671 3670 laboribus
689 3602 866 3687 fatigatos,
891 3603 1054 3687 petierunt
1079 3619 1100 3664 u
1123 3600 1237 3681 nobis,
1264 3599 1352 3680 quod

225 3731 283 3780 eos
300 3712 334 3778 in
349 3711 593 3798 possessiouem
608 3729 720 3779 uerum
745 3711 964 3797 predioterum
979 3729 1086 3777 rerum
1097 3705 1144 3783 de
1161 3706 1249 3772 saoto
1265 3705 1353 3772 faee-

226 3838 336 3886 remus
352 3819 480 3906 induci,
506 3827 540 3888 et
555 3840 613 3889 eos
629 3817 779 3888 iuduotos
794 3820 878 3887 tueri
895 3819 986 3885 iuxta
1002 3815 1138 3885 sormam
1154 3815 1259 3882 libelli
1273 3811 1354 3879 inse-

226 3927 867 4013 riuseunoteti,euiusteuoresttelis:
1415 3977 1431 4047 Ὗ

336 4038 366 4104 A
382 4037 496 4120 uobis,
523 4037 653 4104 domine
671 4035 701 4103 J.
716 4037 911 4102 Preuestiue
926 4035 1038 4101 Eieete
1054 4034 1246 4120 Apostolioe
1261 4027 1355 4098 Sedis
1415 4050 1429 4111 ,s
1452 4023 1456 4032 ’

228 4144 373 4232 Legem,
397 4145 481 4230 petit
496 4144 610 4211 Abbes
626 4144 740 4212 Senoti
755 4145 888 4210 Martini
904 4143 946 4210 de
963 4143 1133 4209 Pannonis
1149 4141 1279 4207 nomine
1296 4157 1355 4204 suo
1408 4134 1420 4159 ³

230 4259 263 4318 et
278 4253 465 4322 conuentus
482 4254 542 4338 sui,
559 4253 646 4338 qnod
662 4251 794 4318 iacietis
811 4253 917 4338 ipsum
935 4249 1044 4316 iuduoi
1060 4250 1094 4314 in
1104 4267 1215 4314 uerum
1225 4264 1357 4333 posses·
1422 4156 1458 4321 N

230 4363 356 4431 sionem
385 4361 535 4430 Euelesie
561 4361 674 4429 Sancti
699 4361 840 4446 Spiritus
860 4379 932 4426 oum
946 4355 1080 4444 palatiis
1096 4361 1129 4423 et
1144 4355 1358 4442 possessioni·
1460 4360 1463 4373 “

231 4473 293 4540 bus
309 4470 398 4555 suis,
414 4491 496 4556 ques
513 4471 637 4540 nobilis
653 4471 704 4538 uir
718 4471 886 4538 Fabianus
898 4469 1065 4554 possidet,
1091 4485 1227 4550 quorum
1252 4481 1359 4530 rerum
1461 4448 1464 4463 ’

231 4580 400 4667 possessio
426 4581 616 4650 adiudioutu
641 4581 703 4648 init
727 4579 824 4647 dietis
840 4579 961 4646 Abbati
978 4584 1010 4643 et
1026 4573 1207 4642 conuentui
1224 4591 1283 4658 per
1300 4619 1307 4634 .
1326 4619 1333 4636 .
1353 4618 1359 4631 .

232 4689 440 4760 Waeieusem
458 4697 514 4758 et.
533 4741 536 4754 .
557 4737 566 4755 .
591 4686 843 4757 Wuredieusem
864 4685 1046 4772 Episoopos
1071 4690 1154 4750 et..
1173 4731 1180 4747 .
1197 4664 1361 4854 Alb'but'em

1194 4791 1214 4856 2
