3214 5072
732 279 940 386 ‘nan

305 485 409 567 (laba,
420 481 547 562 Somod,
557 479 614 547 filii
623 478 755 566 Holgul,
767 483 867 567 Pone,
881 479 1021 562 Chedeh,
1034 481 1194 549 Ohendur.
1211 484 1247 549 In
1264 483 1438 557 villa&

304 591 446 694 fflhis
461 597 537 658 sunt
552 588 766 687 iouhagiones
782 615 790 654 ε
817 591 876 658 1111
894 577 993 675 Opus,
1009 589 1146 676 Ghepes,
1165 589 1310 675 Chedeh,
1326 592 1420 677 ¹Paul,

306 701 439 784 Adrion,
465 696 548 763 filius
575 696 674 790 Amul,
699 698 819 764 Paulus
843 717 913 764 oum
937 697 1003 764 filio
1031 716 1108 782 suo,
1133 698 1305 782 Doanuoh,
1335 697 1421 765 filius

306 809 446 891 Thomu,
476 804 609 888 Thopus
635 825 706 871 oum
729 804 804 874 filiis
829 806 908 890 suis,
931 803 1056 890 Dersi,
1088 803 1201 891 Direj,
1228 805 1314 871 filius
1346 805 1420 870 Veli

306 914 494 997 sacerdotis,
511 913 631 976 Foroos
650 931 721 978 oum
745 913 811 980 filio
836 933 905 997 suo,
923 915 1059 1011 Voglad,
1079 911 1136 978 filii
1160 911 1280 991 Nulod‚
1309 909 1421 978 Vnooa

203 1047 208 1059 ·
307 1045 380 1090 oum
395 1020 559 1102 filiis‘suis,
571 1019 739 1102 Quenerio,
752 1020 857 1086 Vidoh
868 1028 900 1087 et
909 1019 1027 1087 fratres
1038 1020 1097 1102 sul,
1108 1023 1239 1106 Pentuo,
1261 1019 1421 1106 Thompa,
1541 1065 1545 1076 ,

308 1125 518 1220 Soneud,filii
535 1129 666 1210 Pentuo,
682 1127 777 1212 Mioa,
810 1129 903 1214 lfleh,
933 1127 1032 1211 Vseh,
1066 1125 1151 1193 filius
1180 1128 1287 1212 Nuhu,
1317 1129 1421 1196 Petur

311 1243 464 1316 Preterea
479 1235 525 1319 hij
543 1241 617 1301 sunt
633 1236 825 1302 uduorniol:
851 1236 910 1302 filii
925 1237 1036 1322 hlihal,
1055 1235 1166 1303 Oebeh
1186 1243 1217 1304 el
1233 1236 1336 1302 frater
1350 1239 1421 1304 eius

310 1347 436 1434 Hoyoa,
451 1345 509 1410 filii
524 1343 647 1430 Guoud,
666 1343 745 1431 Ouo,
770 1345 932 1430 Benehen,
957 1345 1057 1428 Huus,
1084 1344 1187 1411 frater
1212 1345 1282 1412 eius
1308 1344 1423 1428 Thiba,

294 1455 396 1520 lilius
412 1452 486 1533 Vid,
503 1451 646 1518 Thomas
661 1453 746 1518 filius
762 1453 922 1536 Tengnrd,
938 1451 1042 1518 Buhlo
1062 1469 1130 1516 oum
1146 1450 1213 1518 filio
1230 1471 1292 1518 suo
1318 1451 1424 1536 Gallo,

310 1562 368 1628 1111
398 1559 527 1643 Benoh,
570 1559 648 1636 Saul
681 1580 751 1625 oum
782 1559 847 1624 filio
880 1557 1001 1640 uana,
1044 1557 1147 1623 frater
1178 1558 1247 1623 eius
1278 1555 1423 1644 Stephon

312 1689 382 1735 oum
398 1667 474 1751 filio,
498 1667 584 1732 filius
616 1667 747 1750 Gudus,
773 1666 932 1734 Chenkez
960 1685 1030 1730 oum
1054 1664 1120 1731 filio
1147 1683 1216 1751 suo,
1236 1665 1352 1748 Kerus,
1367 1662 1425 1730 11111

312 1776 452 1858 Halald,
479 1775 567 1842 Orda
591 1797 664 1856 oum
696 1776 763 1842 filio
794 1795 852 1843 suo
872 1777 985 1858 Zious,
1011 1779 1044 1839 et
1068 1774 1189 1840 *fratres
1221 1773 1291 1840 eius
1322 1773 1424 1840 Vrba-

312 1905 371 1952 nus
402 1890 436 1950 el
460 1883 568 1968 Obus,
593 1884 679 1950 filius
704 1887 832 1968 Ruuoz,
858 1884 1013 1966 Soboloh,
1041 1881 1126 1948 filius
1152 1880 1268 1963 Seleh,
1292 1879 1425 1964 Zoload,

312 1991 397 2058 filius
428 1991 568 2076 Symon,
595 1993 735 2058 Zeloheh
762 2012 832 2058 oum
858 1990 936 2057 fiilio
967 2009 1045 2075 suo,
1076 1990 1206 2073 hegen,
1233 1987 1318 2055 filius
1343 1989 1424 2073 Bod,

313 2101 403 2184 Zopa
429 2120 500 2165 oum
525 2098 590 2165 filio
616 2120 674 2166 suo
699 2101 816 2184 Bessu,
830 2098 888 2184 filij
916 2099 1019 2181 Vltus,
1045 2099 1155 2164 Mesau
1179 2116 1250 2162 oum
1273 2094 1342 2162 filio
1365 2113 1426 2161 suo
1533 2159 1536 2164 ,
1601 2087 1602 2098 ’

313 2208 461 2277 Jonanne
477 2215 509 2272 et
525 2189 837 2290 fratres,-Mod,'filii
867 2205 970 2289 Wros‚
990 2205 1126 2272 'l'holtus
1157 2223 1228 2270 oum
1258 2203 1324 2270 filio
1355 2225 1426 2288 suo,

313 2312 451 2381 Wasard
467 2334 537 2380 oum
554 2313 652 2380 fratre
668 2334 735 2398 suo,
752 2315 862 2398 Salud,
878 2313 963 2380 filius
982 2313 1181 2396 lliohodeus,
1206 2313 1324 2392 Bedes,
1340 2309 1426 2380 filius

315 2421 437 2500 Semes,
453 2421 571 2504 Kereu,
587 2419 643 2486 11111
659 2419 776 2503 Sebeh,
794 2419 890 2505 Oesu,
906 2420 1021 2487 Kerus.
1039 2420 1193 2498 Preterea
1208 2420 1263 2486 isti
1291 2426 1366 2486 sunt
1380 2421 1427 2487 ui·

313 2528 451 2594 nitores:
468 2525 554 2593 filius
570 2527 668 2611 Suda,
684 2529 791 2594 Bozuo
807 2549 880 2594 oum
898 2527 964 2594 filio
980 2547 1048 2613 suo,
1065 2527 1229 2612 Benoheh,
1245 2527 1303 2594 filii
1318 2529 1423 2610 Boda,

315 2635 423 2718 Semd,
439 2632 605 2718 Georgius.
621 2636 775 2702 Preterea
791 2635 845 2702 isti
861 2642 935 2701 sunt
951 2635 1139 2717 exequiales
1156 2659 1163 2698 :
1190 2635 1428 2720 filiusAlbeus,

315 2744 401 2829 Egid
417 2763 487 2809 oum
503 2741 578 2810 filiis
595 2745 672 2822 suis,
689 2744 814 2820 Theba,
838 2745 943 2828 Baga,
969 2744 1068 2810 frater
1094 2743 1163 2808 eius
1190 2743 1347 2830 Stepham
1372 2743 1431 2809 11111

316 2851 399 2936 Elia,
415 2851 536 2918 Foroos
552 2860 585 2916 et
600 2851 681 2936 Moe,
697 2851 780 2917 filius
799 2849 979 2938 Hymonus,
996 2854 1101 2936 Pettu,
1112 2850 1170 2916 filil
1188 2849 1361 2945 Zacharia
1377 2853 1429 2918 Fi-

251 3039 254 3050 ,
315 2961 379 3034 leh,
398 2958 504 3040 Seleh,
523 2957 627 3037 Ouda,
651 2959 743 3043 Paul,
769 2961 896 3042 Sentus,
923 2959 1007 3025 lilius
1034 2959 1177 3043 Ohekeu,
1206 2959 1335 3026 Demeu
1358 2980 1431 3026 oum

317 3066 384 3133 filio
401 3086 459 3132 suo
474 3063 635 3151 Beueduo,
651 3066 708 3131 filii
725 3067 855 3152 Sykuis,
870 3067 1039 3153 Tymoteu,
1065 3067 1200 3154 Tompa,
1225 3075 1258 3133 et
1285 3068 1430 3135 seruiunt

319 3174 484 3242 annuatim
501 3174 623 3242 tunella
638 3173 714 3258 vini,
729 3192 792 3239 uno
809 3173 901 3255 boue,
919 3173 944 3240 O
960 3175 1109 3258 panibus.
1123 3176 1276 3242 Preteroa
1292 3176 1431 3245 istisunt

317 3281 459 3364 agricole
475 3281 625 3348 uidelicet
641 3303 648 3345 :
665 3282 821 3348 (lulessed
838 3301 907 3346 oum
925 3282 994 3349 fillo
1011 3282 1068 3349 suo
1085 3283 1216 3368 Symon,
1234 3283 1318 3350 filius
1333 3283 1431 3369 Vida,

317 3387 413 3454 Huid.
430 3389 580 3455 Preterea
594 3388 641 3475 hij
659 3395 733 3455 sunt
754 3391 961 3476 pulsatores:
984 3390 1070 3458 filius
1095 3375 1224 3472 Nlrleu,
1251 3393 1369 3479 Ketey,
1394 3391 1429 3457 fi·

316 3497 381 3564 lius
398 3495 544 3581 Ohemos,
562 3496 706 3580 Chioujd.
730 3499 768 3563 ln
783 3497 863 3563 uilia
879 3497 988 3584 §amoq
1007 3499 1053 3583 hij
1070 3507 1143 3564 sunt
1166 3499 1334 3568 vduoruioi
1352 3523 1359 3565 :
1392 3499 1427 3566 11-

319 3603 382 3670 lius
397 3604 564 3684 Kalamon,
580 3602 712 3687 Mikola',
729 3606 845 3688 Zeohe,
862 3605 945 3671 lilius
961 3605 1055 3684 Vr0s‚
1074 3606 1225 3691 Mathias,
1249 3605 1307 3673 filli
1323 3607 1435 3693 (lusit,

320 3711 485 3777 Elemeres
501 3727 571 3775 onm
586 3709 651 3776 filio
668 3731 735 3796 suo,
751 3714 887 3792 Pentuo,
900 3713 1003 3784 frater
1020 3715 1088 3779 eius
1108 3713 1229 3798 Ohebo,
1252 3713 1338 3783 filius
1354 3717 1432 3783 Ket-

321 3819 403 3898 oion,
420 3815 570 3898 Feueues,
586 3815 669 3882 filius
685 3817 786 3902 Boke,
803 3820 926 3888 Albeus
943 3839 1014 3885 oum
1030 3818 1096 3885 filio
1122 3840 1191 3908 suo,
1209 3818 1376 3904 Somorou,
1392 3819 1429 3886 fi-

201 4013 207 4026 ·
244 3999 248 4006 ,
320 3925 357 3989 111
372 3923 478 4004 Finta,
494 3921 596 4008 Thob,
612 3925 774 4010 Benedue,
790 3925 874 3992 filius
890 3911 1009 4010 Zegen,
1025 3927 1169 3994 Thomas
1186 3949 1257 3994 oum
1271 3927 1346 3994 fillis
1362 3931 1430 3996 auis

320 4031 480 4114 Johanne,
496 4031 591 4108 loon,
607 4031 706 4097 frater
722 4032 790 4097 eius
806 4033 951 4118 Egydlus
967 4051 1038 4102 oum
1054 4033 1120 4101 filio
1137 4055 1206 4121 suo,
1222 4035 1358 4114 Erdeus,
1372 4037 1432 4103 filii

321 4136 525 4222 Apollinarij,
543 4139 719 4206 Sebastiam
738 4160 809 4206 oum
824 4139 891 4206 filio
907 4161 969 4206 suo
986 4141 1117 4226 Zorida,
1138 4143 1238 4210 frah-e
1262 4163 1319 4210 suo
1344 4145 1431 4212 Hou-

321 4255 385 4326 lus,
401 4246 485 4313 filius
501 4245 638 4331 Beroha,
654 4249 764 4314 Eunus
791 4269 863 4318 oum
892 4248 958 4315 filio
990 4267 1048 4317 suo
1079 4248 1183 4334 Hoda,
1214 4251 1272 4317 11111
1301 4251 1430 4332 Emrioi,

323 4351 420 4436 Reno,
435 4355 543 4420 Vosod
560 4375 630 4420 oum
645 4355 711 4420 filio
727 4376 796 4440 suo,
813 4355 931 4439 Korna,
959 4357 1058 4430 frater
1083 4377 1191 4424 eorum
1215 4359 1322 4442 Nuhu,
1345 4359 1431 4425 filius

323 4459 426 4545 Heud,
444 4461 564 4546 Chele,
577 4463 662 4530 filius
678 4465 802 4549 Boyad,
819 4463 942 4550 Thexa,
957 4463 1016 4530 filii
1030 4467 1120 4547 Pete,
1135 4467 1252 4534 Nemel
1270 4485 1341 4532 oum
1355 4465 1430 4532 filiis

326 4567 404 4652 suis,
419 4571 507 4652 Paul,
521 4570 591 4651 Cot,
608 4569 706 4636 frater
717 4571 785 4638 eius
796 4573 918 4638 Vossos
935 4591 1004 4641 eum
1019 4571 1084 4640 filio
1100 4591 1157 4640 suo
1173 4574 1295 4659 Beneh,
1311 4575 1426 4641 Monao
