3222 5054
805 307 964 412 jes„

849 823 925 889 172.

207 1133 210 1138 ·
323 1095 377 1162 lX.
395 1091 890 1184 (impclypdpuapaoaoobalmi
905 1089 1440 1176 sacrat-mdrtoaicpdtodydsDeme·

391 1247 395 1257 ·
427 1214 474 1269 tar
487 1206 565 1291 prdf
575 1204 662 1268 tuac
669 1223 765 1288 pereo
778 1200 897 1286 ltppbcn
911 1199 1006 1305 iame't¹
1016 1198 1204 1264 iatdzlcaulr'lr.
1221 1197 1320 1262 1231.

426 1470 602 1557 Gregorius
626 1468 810 1556 Episcopus
835 1485 950 1534 seruus
976 1484 1142 1531 seruorum
1167 1465 1231 1532 Dei
1262 1463 1442 1532 venerabili

318 1578 412 1648 fratri
479 1627 487 1642 .
512 1581 676 1665 Episcopo
693 1575 865 1642 Gouriensi
888 1581 921 1640 et
937 1573 1066 1640 dilectis
1090 1573 1166 1640 filiis
1186 1624 1217 1640 ..
1235 1622 1243 1638 .
1261 1573 1300 1639 dc
1318 1574 1440 1640 Sancto

319 1688 488 1756 Gothardo
499 1692 531 1752 et
542 1734 568 1752 ..
585 1687 628 1752 de
637 1685 722 1750 'lata
732 1683 917 1750 Abbatibus
929 1681 1119 1748 (isauriensis
1131 1681 1283 1748 Diooesis
1300 1683 1439 1748 salutem

320 1800 352 1863 et
366 1793 590 1880 Apostolicam
610 1791 878 1858 benedictionem.
906 1789 1025 1855 Dilecti
1040 1787 1100 1852 filii
1115 1786 1228 1855 Abbas
1244 1795 1276 1854 et
1293 1786 1441 1857 Conuen-

318 1910 370 1968 tus
386 1901 576 1969 Monasterii
591 1899 706 1966 Sancti
722 1895 852 1964 Martini
868 1895 909 1962 de
925 1895 1096 1963 Pannonia
1112 1915 1172 1962 sua
1188 1897 1282 1962 nobis
1300 1897 1441 1962 insinua·

318 2009 407 2088 tione
429 2013 667 2090 monstrarunt,
683 2003 772 2086 quod
788 2023 859 2070 oum
876 2003 952 2094 olim
969 2020 1088 2086 eausa,
1106 2022 1169 2086 que
1191 2002 1276 2068 inter
1292 2005 1381 2089 ipsos
1398 2022 1441 2071 ex

318 2107 413 2202 parte
430 2135 505 2198 una,
521 2119 553 2180 et
568 2113 711 2181 nobilem
726 2111 832 2177 uirum
848 2111 1049 2176 Demetrium
1065 2111 1106 2176 de
1122 2129 1242 2194 genere
1257 2110 1341 2178 cata
1358 2111 1442 2177 Geu-

319 2222 438 2290 riensis
469 2221 619 2287 Diocesis
649 2237 746 2304 super
770 2217 970 2284 Monasterio
996 2215 1116 2283 Sancte
1140 2218 1243 2285 Maris
1269 2211 1310 2286 de
1333 2227 1443 2286 monte

318 2329 435 2408 Quinin
459 2349 532 2394 cum
555 2326 817 2412 possessionibus
837 2327 925 2408 suis,
947 2331 980 2392 et
1000 2327 1108 2391 insula
1125 2324 1220 2392 Obda
1235 2325 1276 2391 de
1294 2325 1441 2392 Danubio

199 2501 202 2508 .
321 2459 361 2506 ex
384 2436 489 2503 altera
508 2437 706 2519 uertebatur,
725 2434 906 2502 venerabili
930 2433 1024 2500 fratri
1047 2443 1159 2502 nostro
1176 2435 1342 2502 Waoiensi
1365 2433 1442 2518 upi-

280 2573 284 2582 ·
320 2564 418 2630 scopo
434 2551 468 2610 ct
483 2545 706 2611 conludicibus
725 2545 793 2610 suis
817 2543 915 2611 suerit
930 2563 951 2608 a
967 2540 1052 2608 Sede
1068 2543 1261 2628 Apostoliea
1276 2541 1440 2629 delegata,

321 2653 370 2718 eis
385 2651 517 2718 tandem
534 2651 701 2736 negotium
723 2649 962 2718 remittentibus
985 2649 1029 2715 ad
1045 2649 1238 2733 Apostolioe
1254 2651 1350 2717 Sedis
1367 2667 1441 2715 erra·

319 2779 393 2826 men
417 2758 604 2825 deuolutum
627 2757 746 2825 dilecto
762 2757 827 2825 filio
844 2757 879 2824 Ε.
899 2757 1108 2825 Subdiaoono
1132 2764 1165 2824 et
1189 2757 1370 2842 capellano
1386 2779 1441 2823 no-

321 2873 389 2933 stro
404 2873 481 2932 tunc
498 2865 531 2932 in
547 2866 692 2951 Vngaria
708 2867 917 2934 commoranti
933 2865 1084 2932 duximus
1102 2866 1376 2950 committendam,
1390 2865 1443 2930 cui

322 2993 393 3058 cum
409 2973 507 3059 plene
524 2973 703 3040 eonstiterit
711 3023 721 3058 ,
745 2975 832 3057 quod
847 2974 894 3040 eis
918 2981 1051 3059 propter
1067 2973 1212 3040 eiusdem
1236 2972 1354 3039 nobilis
1369 2991 1442 3038 con-

319 3080 496 3148 tumaciam
512 3083 546 3148 in
561 3081 805 3168 possessionem
822 3100 927 3146 rerum
943 3082 1116 3167 petitarum
1132 3081 1283 3165 inductis,
1300 3081 1442 3167 preliba-

319 3196 371 3254 tus
395 3209 436 3261 ex
458 3189 520 3255 hoo
542 3195 730 3273 procurator
754 3189 787 3254 in
807 3189 922 3255 eadem
942 3191 1147 3256 contumacia
1171 3197 1443 3276 perseuerauerat

320 3298 406 3363 ultra
421 3315 540 3362 annum
547 3347 558 3381 ,
576 3295 652 3362 licet
668 3295 766 3362 abeo
782 3295 905 3384 pluries
922 3295 1062 3364 monitus
1080 3298 1263 3383 extitisset,
1280 3305 1315 3364 ut
1330 3317 1390 3382 per
1405 3317 1442 3366 se

319 3405 373 3472 uel
394 3411 637 3488 procuratorem
660 3403 811 3470 idoneum
835 3403 868 3470 in
884 3423 947 3470 sua
962 3407 1131 3490 presentia
1146 3407 1305 3490 praefatis
1321 3407 1443 3474 Abbati

321 3519 354 3579 et
370 3509 551 3578 Conuentui
573 3510 803 3597 responderet,
820 3511 948 3578 demum
964 3532 1075 3579 veram
1098 3513 1318 3597 predictarum
1334 3533 1441 3580 rerum

320 3621 562 3704 possessionem
584 3619 786 3686 adiudioauit
805 3620 940 3703 eisdem,
957 3621 1080 3688 dictum
1103 3622 1246 3688 nobilem
1271 3622 1303 3687 in
1322 3641 1441 3708 expan-

321 3727 367 3794 sis
383 3727 537 3811 legitimis
554 3726 835 3813 condempnando.
859 3727 967 3806 Quare
984 3730 1079 3795 nobis
1094 3727 1260 3797 humiliter
1273 3731 1441 3817 supplica·

321 3843 413 3919 rant,
431 3842 467 3900 ut
486 3853 675 3920 processum
698 3835 886 3903 hnusmodl
899 3837 1090 3920 Apostolico
1106 3837 1316 3923 dignaremur
1336 3837 1441 3904 muni-

320 3945 408 4010 mine
431 3945 594 4018 reborare.
624 3941 783 4023 Quocirca
814 3943 1005 4012 discretioni
1031 3951 1138 4012 vestre
1168 3965 1228 4030 per
1250 3945 1441 4030 Apostolioa

319 4053 442 4138 scripta
457 4053 664 4140 mandamus,
681 4055 834 4138 quatinus
851 4073 1038 4140 processum
1054 4055 1213 4139 eundem,
1230 4055 1315 4121 sieut
1330 4062 1382 4122 est
1397 4055 1441 4122 le·

321 4161 471 4248 glumas,
498 4160 629 4231 faciatis
654 4183 909 4250 percensuram
935 4163 1194 4232 ecelesiasticam
1219 4163 1439 4248 appellatione

321 4276 448 4337 remota
470 4268 606 4338 firmiter
622 4271 802 4339 obseruari.
826 4271 922 4350 Quod
939 4273 968 4338 si
986 4290 1050 4338 non
1067 4291 1182 4338 omnes
1197 4269 1263 4356 hijs
1280 4290 1441 4355 exequen-

320 4376 373 4444 dis
395 4377 566 4464 potueritis
588 4379 760 4464 interesse,
785 4387 837 4465 tu,
860 4381 1151 4465 fraterEpisccpe,
1168 4399 1368 4446 cumeorum
1391 4380 1440 4446 al-

321 4489 390 4549 tero
407 4505 448 4550 ea
464 4485 673 4551 nihilominus
689 4487 872 4570 exequaris.
889 4485 1055 4568 Quidquid
1071 4495 1179 4554 autem
1197 4506 1294 4571 super
1310 4487 1373 4554 hoo
1389 4485 1439 4552 sa-

322 4597 410 4654 ctum
430 4591 527 4657 luerit
536 4641 546 4675 ,
569 4591 661 4659 nobis
680 4595 799 4660 curctis
815 4593 941 4675 absque
958 4613 1047 4660 more
1063 4593 1235 4679 dispendio
1251 4595 1370 4663 vestris
1388 4593 1439 4659 lit·
