3222 5054
532 285 797 386 ,ἐῳ-

152 476 300 563 Virginis
324 475 485 545 iaciemus
510 477 606 545 nobis
632 477 717 546 solui
742 485 912 565 argentum
943 499 1002 566 pro
1029 481 1175 565 salibus,
1202 501 1283 566 qnos

152 589 232 650 tunc
254 585 342 671 apud
366 604 426 652 uos
449 587 632 671 babebitis,
657 607 716 676 pro
733 587 870 674 singulis
892 593 1022 656 eentum
1045 588 1159 654 suanis
1181 607 1280 655 unam

151 711 309 778 marcum.
332 693 376 758 nt
394 695 422 761 si
443 694 477 760 in
497 695 554 760 illo
570 697 710 762 termino
730 715 791 763 nos
814 702 871 762 ant
894 695 1043 763 salinarii
1065 695 1167 762 nostri
1189 696 1279 764 seles

151 800 243 885 ipsos
262 821 327 869 non
343 801 527 886 emerimns,
545 809 578 870 et
593 803 687 872 uobis
705 811 736 869 et
752 804 900 870 Ecclesie
916 811 1024 872 nestro
1042 808 1213 890 argentum
1229 824 1279 872 se-

152 909 293 975 eundum
308 911 430 977 dictam
454 911 700 978 extimationem
724 931 789 978 non
813 913 1014 994 coluerimus,
1035 931 1077 978 ex
1097 917 1175 977 tunc
1191 911 1279 980 omni

149 1023 298 1103 tempore
313 1037 426 1084 omnes
443 1017 534 1085 sales
551 1019 626 1086 illos
642 1019 745 1084 libere
769 1019 802 1084 in
825 1021 991 1104 proprium
1010 1037 1103 1086 nsum
1126 1019 1278 1088 Ecclesie

150 1131 260 1193 cestre
275 1127 471 1214 percipiatis
488 1132 522 1192 et
535 1126 686 1194 nendatis
710 1125 802 1193 iuxta
820 1132 928 1194 uestre
944 1127 1111 1194 arbitrium
1129 1128 1278 1196 nolunta-

149 1235 203 1302 tis.
224 1237 267 1301 Et
282 1255 378 1302 omne
393 1235 536 1316 lucrum,
553 1232 640 1318 qnod
656 1234 849 1303 deberemus
864 1255 925 1302 nos
942 1237 997 1302 uel
1012 1237 1098 1302 alins
1115 1236 1204 1322 Rex,
1222 1236 1279 1320 qni

150 1361 209 1426 pro
226 1348 374 1429 tempore
390 1343 505 1424 inerit,
528 1343 581 1408 uel
603 1344 668 1428 ipsi
687 1343 837 1410 salinarii
853 1345 957 1410 nostri
972 1346 1151 1432 percipere,
1170 1344 1279 1410 totali-

150 1459 202 1516 ter
218 1451 315 1517 cedat
333 1452 366 1517 in
382 1471 459 1516 usus
477 1451 624 1516 Ecclesie
640 1459 757 1518 cestre.
782 1452 853 1517 Nec
869 1473 890 1518 a
906 1453 1073 1519 salinariis
1090 1452 1171 1538 ipsis
1189 1459 1277 1536 uete-

149 1559 239 1626 ribus
256 1577 315 1624 seu
331 1560 425 1624 nonis
448 1565 505 1625 aut
520 1557 595 1624 aliis
614 1561 762 1644 personis
785 1561 1008 1646 permittemus
1024 1579 1084 1627 uos
1100 1559 1277 1643 molestari,

149 1688 211 1735 nec
225 1667 292 1752 ipsi
307 1666 576 1743 molestabimus,
592 1668 668 1750 quin
686 1669 822 1750 possitis
839 1667 995 1752 quidquid
1010 1667 1103 1734 nobis
1119 1667 1279 1750 placuerit
1334 1651 1340 1667 ’

149 1777 259 1843 lacere
281 1794 412 1860 semper
432 1774 473 1839 de
492 1773 619 1841 salibus
642 1775 744 1860 ipsis,
770 1795 811 1840 ex
827 1795 890 1858 quo
906 1777 938 1840 in
956 1775 1043 1842 dicto
1059 1774 1195 1843 termino
1211 1793 1276 1840 non

150 1885 249 1950 luerit
273 1883 369 1950 uobis
393 1881 535 1968 pecunie
559 1885 736 1968 persoluta.
768 1883 859 1949 Idem
885 1884 1021 1970 dicimus
1045 1882 1139 1948 uobis
1162 1881 1204 1948 de
1227 1901 1276 1948 se·

149 1991 255 2059 cundo
270 1992 408 2058 termino
424 1991 596 2075 uidelicet,
614 1991 702 2073 qnod
718 2010 739 2056 a
755 1990 838 2058 festo
853 1990 949 2058 Beati
964 1991 995 2056 N
998 1989 1095 2056 icolsi
1110 2007 1214 2074 nsque
1231 1987 1276 2053 ad

149 2102 265 2166 sestnrn
281 2099 394 2168 Sancti
410 2098 535 2164 Thome
552 2100 703 2182 Apostoli
719 2119 778 2183 pro
795 2099 939 2183 salibus,
956 2117 1038 2182 quos
1055 2099 1088 2164 in
1104 2097 1203 2164 domo
1221 2116 1276 2163 ue·

149 2215 218 2276 stra
243 2207 332 2294 apud
354 2225 414 2273 uos
442 2206 605 2274 habebitis
630 2205 692 2274 sub
715 2207 823 2291 sigillo
847 2207 1074 2274 salinariorum
1096 2210 1130 2271 et
1153 2203 1276 2271 Prolati

149 2317 268 2402 nestri,
294 2316 451 2382 iaciemus
476 2314 571 2381 nobis
596 2315 681 2380 solui
704 2322 874 2399 argentum
898 2314 1077 2382 secundum
1093 2311 1277 2379 extimatio-

148 2413 223 2491 nem
238 2424 388 2510 snperina
404 2428 604 2488 annotatam.
620 2421 717 2502 Quod
732 2423 762 2489 si
778 2423 900 2488 iactum
916 2444 982 2489 non
999 2422 1105 2507 fucrit,
1117 2419 1278 2503 uolumus,

149 2532 235 2616 qnod
257 2531 345 2599 idem
369 2529 426 2596 fiat
435 2579 444 2614 ‚
461 2529 549 2614 quod
571 2531 605 2595 in
622 2550 701 2597 casu
717 2531 877 2616 superiori
894 2531 936 2598 de
953 2531 1080 2598 salibus
1096 2529 1193 2612 primi
1209 2534 1271 2593 ter-

149 2640 227 2706 mini
245 2633 455 2721 dictumest,
481 2645 651 2720 argentum
667 2655 755 2722 vero,
773 2639 860 2720 quod
883 2639 977 2706 nobis
1002 2637 1161 2704 faciemus
1182 2634 1277 2718 solui,

150 2749 210 2814 erit
233 2745 267 2812 in
291 2747 387 2814 bonis
412 2743 591 2831 lrixaticis,
617 2747 671 2812 uel
699 2748 733 2812 in
757 2755 903 2833 argento,
929 2748 1020 2816 cuins
1044 2746 1174 2814 decima
1198 2763 1275 2828 pars

150 2855 362 2924 comburetur.
387 2847 429 2918 Ut'
444 2859 552 2920 autem
569 2853 630 2920 hec
647 2862 756 2922 nostre
773 2855 1025 2922 confirmationis
1044 2861 1076 2923 et
1093 2853 1276 2920 concessio-

149 2966 200 3030 nis
224 2971 256 3032 et
281 2963 443 3030 libertatis
469 2964 592 3048 pagina
618 2964 717 3030 robur
748 2970 904 3050 perpetue
928 2963 1077 3032 obtineat
1100 2961 1275 3040 firmitatis,

148 3083 262 3142 contra
286 3093 384 3156 qnam
409 3073 550 3140 scienter
573 3093 638 3139 non
661 3073 845 3156 ueniemus,
875 3093 937 3140 nec
961 3077 1074 3141 contra
1095 3068 1271 3156 priuilegia

149 3182 346 3250 monasterio
355 3187 464 3248 uestro
481 3181 610 3248 anobis
626 3188 684 3246 ant
699 3182 989 3266 predecessoribus
1002 3181 1121 3246 nostris
1138 3176 1275 3269 indulta,

148 3291 251 3376 Regio
267 3290 378 3374 sigillo
395 3309 469 3356 eam
484 3289 632 3356 uolnmns
647 3289 856 3367 communiri,
871 3293 1073 3372 statuentes,
1088 3305 1129 3352 ne
1145 3306 1204 3354 nos
1219 3295 1277 3354 ant

147 3407 331 3468 nostrorum
356 3398 478 3482 aliquis
501 3415 738 3481 suceessorum,
762 3399 816 3462 nel
836 3397 954 3480 aliquis
969 3397 1056 3462 alins
1073 3399 1189 3461 contra
1204 3411 1277 3460 eam

147 3509 328 3592 quidquam
350 3506 474 3574 audeat
497 3512 702 3593 attemptare,
723 3508 777 3574 uel
794 3506 825 3572 ei
846 3525 930 3573 ansn
952 3503 1127 3572 temerario
1145 3507 1275 3568 contra·

146 3620 205 3684 ire.
230 3618 350 3684 Datum
374 3635 434 3701 per
449 3635 565 3682 manns
580 3614 732 3684 reneredi
749 3614 880 3700 Vgolini
896 3611 1087 3680 Oolocensis
1104 3607 1273 3696 Archiepi-

147 3726 240 3810 scopi
255 3731 289 3790 et
303 3723 498 3808 anleltegie
514 3723 713 3792 cancellarii
735 3742 821 3792 anno
841 3721 1013 3790 Dominiee
1038 3717 1277 3787 Incarnationis

145 3831 465 3902 u⁰.cc⁰.xxx111⁰.
504 3831 687 3899 Indictione
718 3833 775 3900 vl·
798 3831 865 3900 kal.
891 3828 1052 3898 Octobris.
1088 3825 1278 3901 Venerabili

146 3942 289 4010 lieberto
305 3938 525 4026 strigoniensi
539 3941 797 4027 Archiepiscopo
814 3941 986 4037 existente,
1006 3937 1100 4004 Oleto
1113 3934 1276 4022 Agriensi,

147 4047 312 4136 Gregorio
336 4049 529 4132 (lensiensi,
553 4049 656 4116 Britio
673 4047 860 4131 Waciensi,
884 4047 1117 4114 Bartholomeo
1132 4043 1276 4131 Wespri-

146 4158 283 4242 misssi,
307 4157 538 4226 Bartholomeo
555 4155 920 4242 Quinqneeccleeicnsi,
944 4155 1095 4224 Renuldo
1112 4151 1277 4222 Transsil·

145 4283 242 4352 uano,
259 4263 378 4333 Bulebi
392 4263 610 4352 Oenadiensi,
625 4271 659 4335 et
672 4265 850 4332 Benedicta
866 4261 1077 4332 Wercdiensi
1101 4261 1276 4348 Episcopis

148 4375 318 4444 Ecclesiae
332 4373 397 4440 Dei
421 4371 561 4442 feliciter
578 4373 848 4459 gubernantibus.
871 4371 1022 4441 Dionisio
1040 4371 1166 4440 Gemite
1180 4369 1276 4438 Pala·

148 4485 226 4570 tino,
248 4481 416 4550 Demetrio
439 4480 515 4548 aule
538 4489 650 4552 nostre
666 4483 788 4551 Ceriali
803 4481 929 4549 comite
946 4489 980 4550 et
1001 4480 1195 4566 Baebiensi,
1219 4479 1277 4546 Ni·

147 4592 263 4662 cbolao
272 4588 340 4658 lilio
349 4590 432 4658 Bora
442 4589 679 4678 Suppruniensi
687 4641 698 4678 ,
713 4589 889 4659 Wratislso
898 4589 1064 4658 Missiensi
1074 4584 1171 4678 (lgy),
1182 4589 1278 4658 Petro
