3214 5066
844 851 904 916 tt.

217 1031 219 1036 ’
324 975 473 1114 Adenaif
509 1028 626 1094 οαιίιιοί
660 1031 737 1114 opat
770 1049 791 1088 u
821 1027 1049 1114 paouoabulmi
1080 1033 1298 1096 sacatrnu'rtorri
1325 1035 1441 1118 apdtot

228 1130 230 1134 ’
324 1159 362 1201 aa
392 1135 535 1222 inrddodp
549 1163 551 1167 ’
565 1139 595 1199 c‘s
625 1135 800 1219 kercaztytrs
838 1137 964 1221 erdrayelr
994 1136 1196 1224 torosatpe'ra'
1215 1137 1338 1225 azdlttja
1364 1136 1431 1224 fel.

830 1243 927 1306 1212.

430 1419 621 1488 Karissimis
636 1389 676 1484 in¹
693 1417 822 1486 Christo
839 1417 990 1486 fratribus
1006 1469 1014 1486 .
1033 1469 1040 1485 .
1057 1420 1177 1488 Abbati
1197 1431 1229 1489 et
1250 1424 1437 1491 Couueutui

325 1527 437 1595 Sancti
452 1527 582 1594 Martini
598 1527 638 1594 de
653 1527 754 1594 Sacro
770 1527 877 1594 Monte
892 1527 1066 1594 Pannonie.
1087 1527 1266 1597 Adenulius
1283 1531 1345 1597 Dei
1360 1552 1436 1616 gra-

310 1637 372 1708 tia
388 1635 576 1703 casinensis
592 1635 735 1718 Electus,
760 1641 792 1699 et
812 1633 990 1702 Vniuersus
1018 1636 1112 1704 Sacri
1130 1636 1265 1704 Gencbii
1280 1638 1437 1706 (lesinen-

326 1745 372 1812 sis
389 1745 589 1828 conuentus,
615 1742 663 1809 sio
678 1741 804 1808 Marthe
823 1741 1035 1816 ministerium
1052 1762 1212 1830 exercere,
1238 1753 1273 1812 ut
1287 1765 1364 1832 pars
1380 1767 1437 1832 op-

326 1855 404 1945 tima
419 1873 482 1922 uou
502 1851 659 1939 depereat
683 1849 793 1916 llario.
820 1847 947 1933 Regina
971 1851 1122 1918 uirtutum
1147 1853 1276 1936 caritas,
1292 1874 1355 1938 que
1369 1875 1436 1922 om-

323 1964 416 2032 nibus
430 1961 599 2029 uirtutibus
614 1958 713 2025 uelud
730 1957 920 2042 quibusdam
934 1957 1086 2044 pretiosis
1115 1962 1274 2029 coloribus
1291 1969 1434 2032 veterem

323 2070 485 2138 bominem
499 2075 645 2154 renouat,
662 2067 747 2133 omni
762 2065 931 2133 nobilitate
946 2068 1087 2134 nobilior
1112 2069 1191 2135 miro
1211 2072 1306 2138 modo
1323 2079 1355 2137 et
1371 2072 1436 2141 dis-

325 2185 477 2264 gregams
493 2185 525 2243 et
540 2173 782 2260 intercapedine
807 2177 959 2241 locorum
992 2175 1169 2243 disiunctos
1192 2179 1293 2246 radiis
1308 2181 1437 2264 quibus-

324 2285 399 2354 dam
415 2292 546 2371 coputat
570 2291 601 2350 et
626 2284 809 2370 coniungit,
834 2289 866 2348 et
890 2281 1036 2350 homiues
1061 2283 1180 2352 diuersi
1195 2287 1324 2370 generis
1340 2291 1436 2374 quasi

326 2396 542 2482 dispersiones
568 2393 701 2459 Israelis
726 2391 769 2486 ad
794 2409 888 2457 uuum
913 2391 1069 2458 ineffabili
1096 2393 1214 2461 unione
1238 2395 1386 2480 reducit,
1401 2403 1438 2462 ut

324 2503 410 2570 idem
426 2503 469 2570 sit
483 2503 572 2569 Deus
597 2507 629 2566 ct
654 2505 748 2585 pater
773 2501 912 2564 omnium
937 2498 1030 2565 diues
1046 2499 1079 2564 in
1104 2501 1251 2568 omnibus
1277 2505 1332 2586 qui
1346 2505 1436 2572 inuo-

326 2611 515 2678 cantillam.
531 2609 601 2689 Que
617 2607 692 2673 licet
708 2607 866 2673 uarietate
891 2605 1077 2673 delectabili
1094 2608 1234 2674 omnium
1259 2611 1435 2678 electorum

327 2717 427 2786 corda
443 2709 588 2785 deauret'
601 2723 632 2783 et
657 2723 765 2796 ornet,
790 2715 824 2780 in
847 2733 883 2782 se
899 2720 1007 2780 tamen
1030 2735 1092 2801 per
1110 2735 1251 2784 amorem
1267 2727 1432 2802 tamquam

325 2827 381 2914 pia
397 2835 498 2893 mater
515 2825 640 2910 colligit
654 2822 829 2888 uniuersos.
860 2823 899 2888 In
915 2823 1006 2889 cuius
1022 2825 1130 2891 aureis
1146 2821 1276 2890 finibrus
1293 2843 1362 2910 nos,
1378 2825 1435 2911 qui
1498 2823 1501 2828 ’

327 2929 437 3003 sumus
453 2929 538 3021 (igy)
554 2933 589 2998 in
603 2931 665 2997 fine
682 2929 864 2999 seculorum
888 2951 952 2998 una
967 2931 1133 2999 nobiscum
1157 2933 1301 3018 ascripti,
1317 2950 1435 2998 secuu-

328 3046 405 3112 dum
418 3043 502 3128 quod
516 3037 705 3128 Apostolioa
719 3041 818 3109 tradit
833 3043 1020 3126 auctoritas,
1044 3044 1076 3107 in
1093 3061 1134 3107 ea
1148 3040 1220 3124 fide,
1238 3053 1300 3124 que
1314 3061 1373 3128 per
1388 3038 1434 3106 di-

247 3175 248 3180 *
323 3151 497 3241 lectionem
513 3156 674 3236 operatur,
699 3155 731 3215 ct
753 3151 930 3216 monastice
955 3150 1119 3235 religionis
1135 3148 1352 3234 observantia,
1370 3167 1436 3234 qus

326 3279 385 3328 nos
401 3259 537 3330 eximius
552 3264 645 3344 pater
667 3253 861 3326 Benedictus
883 3257 1054 3341 instruxit,
1069 3255 1154 3324 idem
1171 3278 1225 3325 cor
1241 3264 1274 3324 et
1289 3257 1434 3326 animum

326 3367 485 3454 gerimus,
510 3376 542 3432 et
566 3385 625 3452 pro
650 3363 743 3432 nobis
768 3372 923 3447 tanquam
948 3363 1115 3448 prenobis
1141 3365 1222 3449 Regi
1239 3367 1365 3450 Regum
1381 3368 1435 3434 do

326 3477 412 3544 mino
428 3476 656 3562 supplicamus.
683 3475 720 3542 In
745 3493 807 3558 quo
832 3493 897 3542 uon
911 3473 1025 3540 melius
1049 3480 1138 3540 tante
1163 3473 1288 3541 uirtutis
1305 3475 1434 3561 impleri

328 3591 454 3654 constat
468 3590 663 3670 preceptum,
688 3602 784 3667 quam
806 3587 840 3648 ut
860 3579 1069 3648 exhibeamus
1094 3583 1250 3665 proximo,
1277 3581 1363 3664 quod
1378 3602 1435 3650 uc-

329 3692 382 3759 bis
398 3692 569 3759 secundum
584 3693 687 3758 Deum
703 3691 850 3758 uolumus
877 3689 1031 3758 exbiberi.
1056 3687 1194 3756 Proinde
1211 3699 1353 3756 vestram
1369 3690 1437 3757 tra·

206 3840 210 3860 .
328 3800 510 3886 tenuitatem
533 3800 726 3885 propensius
761 3817 950 3884 exoramus,
977 3803 1136 3882 quatenus
1163 3805 1238 3882 post
1261 3799 1437 3868 Martinum
1487 3849 1489 3852 -

327 3911 478 3992 uestmm,
503 3912 645 3973 nostrum
661 3907 694 3971 in
708 3907 823 3973 vestris
838 3906 1021 3994 pectoribus
1036 3903 1184 3972 babeatis
1205 3904 1435 3994 Benedicturu;

329 4017 406 4100 quia
429 4013 622 4083 Benedictus
637 4019 745 4081 noster
759 4023 867 4082 vestro
890 4015 1027 4084 Martiuo
1043 4015 1168 4099 detulit,
1189 4033 1261 4080 cum
1278 4015 1347 4082 eius
1363 4037 1436 4086 ora·

327 4125 445 4191 terium
459 4123 493 4189 iu
507 4131 615 4190 nostro
630 4124 824 4190 Monasterio
840 4123 1023 4191 fabricauit.
1042 4123 1146 4190 Simul
1156 4122 1253 4188 etiam
1268 4123 1302 4188 in
1319 4124 1436 4190 restris

202 4218 206 4227 ’
329 4232 527 4300 orationibus
542 4237 574 4300 et
589 4231 759 4300 beneficiis
775 4231 996 4318 spiritualibus
1011 4231 1113 4298 nostri
1127 4233 1317 4298 memoriam
1334 4231 1436 4300 babe-

329 4339 411 4424 atis,
428 4342 671 4426 quiaquantum
686 4341 779 4422 uobis
795 4340 880 4423 lieet,
900 4359 959 4407 uos
974 4338 1150 4426 participes
1165 4336 1300 4406 fecimus
1317 4339 1435 4406 oratio-

329 4447 380 4514 uis
396 4453 429 4513 et
451 4449 626 4535 spiritualis
650 4448 900 4533 benedictionis,
926 4455 962 4514 ut
986 4448 1101 4532 quibus
1127 4467 1193 4513 una
1211 4453 1261 4515 est
1290 4447 1436 4515 interris

329 4556 495 4642 religionis
518 4559 695 4644 professio,
721 4555 841 4626 eisdem
866 4557 908 4624 sit
931 4557 964 4623 in
989 4555 1162 4624 celestibus
1186 4556 1305 4624 Diuinc
1328 4553 1436 4623 laudis

329 4665 413 4750 iugis
429 4672 462 4732 et
476 4665 622 4736 miranda
637 4666 805 4736 confessio.
831 4665 1005 4735 Statuimus
1030 4663 1125 4750 euim,
1148 4671 1183 4730 ut
1201 4665 1307 4733 ‘anuis
1323 4665 1433 4752 siugu-
