<?xml version="1.0" encoding="UTF-8"?>
<!DOCTYPE html PUBLIC "-//W3C//DTD XHTML 1.0 Transitional//EN"
    "http://www.w3.org/TR/xhtml1/DTD/xhtml1-transitional.dtd">
<html xmlns="http://www.w3.org/1999/xhtml" xml:lang="en" lang="en">
 <head>
  <title>
</title>
<meta http-equiv="Content-Type" content="text/html;charset=utf-8" />
  <meta name='ocr-system' content='tesseract 3.04.00' />
  <meta name='ocr-capabilities' content='ocr_page ocr_carea ocr_par ocr_line ocrx_word'/>
</head>
<body>
  <div class='ocr_page' id='page_1' title='image "./codexdiplomatic20wenzgoog_0319.png"; bbox 0 0 3222 5054; ppageno 0'>
   <div class='ocr_carea' id='block_1_1' title="bbox 811 787 889 856">
    <p class='ocr_par' dir='ltr' id='par_1_1' title="bbox 811 787 889 856">
     <span class='ocr_line' id='line_1_1' title="bbox 811 787 889 856; baseline 0.026 -2"><span class='ocrx_word' id='word_1_1' title='bbox 811 787 889 856; x_wconf 82' lang='lat' dir='ltr'><strong>loo.</strong></span> 
     </span>
    </p>
   </div>
   <div class='ocr_carea' id='block_1_2' title="bbox 290 966 1415 1165">
    <p class='ocr_par' dir='ltr' id='par_1_2' title="bbox 290 966 1415 1165">
     <span class='ocr_line' id='line_1_2' title="bbox 290 966 1415 1058; baseline 0 -22"><span class='ocrx_word' id='word_1_2' title='bbox 290 966 322 1036; x_wconf 82' lang='grc' dir='ltr'><strong><em>Α</em></strong></span> <span class='ocrx_word' id='word_1_3' title='bbox 332 968 562 1056; x_wconf 77' lang='lat' dir='ltr'><strong>panaonbalma&#39;</strong></span> <span class='ocrx_word' id='word_1_4' title='bbox 575 970 809 1034; x_wconf 71' lang='lat' dir='ltr'><strong>aaaatmdrtoas&#39;</strong></span> <span class='ocrx_word' id='word_1_5' title='bbox 823 973 957 1058; x_wconf 76' lang='lat' dir='ltr'><strong>apdtsdp</strong></span> <span class='ocrx_word' id='word_1_6' title='bbox 973 973 1004 1036; x_wconf 75' lang='lat' dir='ltr'><strong>dc</strong></span> <span class='ocrx_word' id='word_1_7' title='bbox 1019 991 1041 1034; x_wconf 82' lang='lat' dir='ltr'><strong>a</strong></span> <span class='ocrx_word' id='word_1_8' title='bbox 1056 967 1322 1056; x_wconf 71' lang='lat' dir='ltr'><strong>czc&#39;kccfebdrmdri</strong></span> <span class='ocrx_word' id='word_1_9' title='bbox 1335 969 1415 1058; x_wconf 67' lang='lat' dir='ltr'><strong>kap</strong></span> 
     </span>
     <span class='ocr_line' id='line_1_3' title="bbox 290 1071 1414 1165; baseline -0.003 -22"><span class='ocrx_word' id='word_1_10' title='bbox 290 1075 380 1144; x_wconf 80' lang='lat' dir='ltr'><strong>tolon</strong></span> <span class='ocrx_word' id='word_1_11' title='bbox 389 1077 473 1142; x_wconf 74' lang='lat' dir='ltr'><strong>boati</strong></span> <span class='ocrx_word' id='word_1_12' title='bbox 485 1071 756 1164; x_wconf 70' lang='lat' dir='ltr'><strong>apponctleaodpck&#39;</strong></span> <span class='ocrx_word' id='word_1_13' title='bbox 767 1075 953 1165; x_wconf 73' lang='lat' dir='ltr'><strong>basuitsdpos</strong></span> <span class='ocrx_word' id='word_1_14' title='bbox 966 1091 1043 1144; x_wconf 81' lang='lat' dir='ltr'><strong>aton</strong></span> <span class='ocrx_word' id='word_1_15' title='bbox 1057 1077 1243 1143; x_wconf 78' lang='lat' dir='ltr'><strong>iote&#39;ztetcclc</strong></span> <span class='ocrx_word' id='word_1_16' title='bbox 1259 1077 1297 1143; x_wconf 83' lang='lat' dir='ltr'><strong>el.</strong></span> <span class='ocrx_word' id='word_1_17' title='bbox 1315 1078 1414 1144; x_wconf 86' lang='lat'><strong><em>1229.</em></strong></span> 
     </span>
    </p>
   </div>
   <div class='ocr_carea' id='block_1_3' title="bbox 279 1253 1431 4706">
    <p class='ocr_par' dir='ltr' id='par_1_3' title="bbox 279 1253 1431 4706">
     <span class='ocr_line' id='line_1_4' title="bbox 398 1253 1415 1343; baseline 0 -19"><span class='ocrx_word' id='word_1_18' title='bbox 398 1255 569 1324; x_wconf 87' lang='lat' dir='ltr'><strong>Uniucrsis</strong></span> <span class='ocrx_word' id='word_1_19' title='bbox 584 1260 754 1340; x_wconf 74' lang='lat' dir='ltr'>presentes</span> <span class='ocrx_word' id='word_1_20' title='bbox 769 1253 895 1323; x_wconf 82' lang='lat' dir='ltr'><strong>litteras</strong></span> <span class='ocrx_word' id='word_1_21' title='bbox 912 1257 1108 1343; x_wconf 89' lang='lat' dir='ltr'><strong>inspecturis</strong></span> <span class='ocrx_word' id='word_1_22' title='bbox 1128 1256 1265 1343; x_wconf 85' lang='lat' dir='ltr'><strong>Egidius</strong></span> <span class='ocrx_word' id='word_1_23' title='bbox 1290 1257 1415 1324; x_wconf 90' lang='lat' dir='ltr'><strong>domini</strong></span> 
     </span>
     <span class='ocr_line' id='line_1_5' title="bbox 290 1363 1416 1451; baseline -0.001 -18"><span class='ocrx_word' id='word_1_24' title='bbox 290 1366 382 1451; x_wconf 86' lang='lat' dir='ltr'><strong>Papo</strong></span> <span class='ocrx_word' id='word_1_25' title='bbox 398 1363 623 1442; x_wconf 82' lang='lat' dir='ltr'><strong>Subdiaooncs</strong></span> <span class='ocrx_word' id='word_1_26' title='bbox 641 1370 674 1430; x_wconf 89' lang='lat' dir='ltr'><strong>et</strong></span> <span class='ocrx_word' id='word_1_27' title='bbox 689 1363 909 1448; x_wconf 71' lang='lat' dir='ltr'><strong>capellanus,</strong></span> <span class='ocrx_word' id='word_1_28' title='bbox 936 1365 1076 1431; x_wconf 86' lang='lat' dir='ltr'><strong>salutem</strong></span> <span class='ocrx_word' id='word_1_29' title='bbox 1093 1363 1126 1430; x_wconf 87' lang='lat' dir='ltr'><strong>in</strong></span> <span class='ocrx_word' id='word_1_30' title='bbox 1142 1383 1182 1431; x_wconf 94' lang='lat' dir='ltr'><strong>eo</strong></span> <span class='ocrx_word' id='word_1_31' title='bbox 1199 1365 1254 1448; x_wconf 85' lang='lat' dir='ltr'><strong>qui</strong></span> <span class='ocrx_word' id='word_1_32' title='bbox 1271 1372 1322 1432; x_wconf 91' lang='lat' dir='ltr'><strong>est</strong></span> <span class='ocrx_word' id='word_1_33' title='bbox 1336 1384 1416 1432; x_wconf 88' lang='lat' dir='ltr'><strong>uera</strong></span> 
     </span>
     <span class='ocr_line' id='line_1_6' title="bbox 291 1469 1415 1559; baseline 0 -19"><span class='ocrx_word' id='word_1_34' title='bbox 291 1475 391 1541; x_wconf 90' lang='lat' dir='ltr'><strong>salus.</strong></span> <span class='ocrx_word' id='word_1_35' title='bbox 423 1470 503 1538; x_wconf 79' lang='lat' dir='ltr'><strong>Cum</strong></span> <span class='ocrx_word' id='word_1_36' title='bbox 519 1469 560 1538; x_wconf 88' lang='lat' dir='ltr'><strong>da</strong></span> <span class='ocrx_word' id='word_1_37' title='bbox 576 1471 714 1557; x_wconf 90' lang='lat' dir='ltr'><strong>speciali</strong></span> <span class='ocrx_word' id='word_1_38' title='bbox 730 1469 886 1538; x_wconf 90' lang='lat' dir='ltr'><strong>mandato</strong></span> <span class='ocrx_word' id='word_1_39' title='bbox 903 1478 936 1538; x_wconf 91' lang='lat' dir='ltr'><strong>ot</strong></span> <span class='ocrx_word' id='word_1_40' title='bbox 951 1474 1146 1541; x_wconf 87' lang='lat' dir='ltr'><strong>auctoritato</strong></span> <span class='ocrx_word' id='word_1_41' title='bbox 1163 1473 1260 1541; x_wconf 90' lang='lat' dir='ltr'><strong>Sedis</strong></span> <span class='ocrx_word' id='word_1_42' title='bbox 1276 1474 1415 1559; x_wconf 86' lang='lat' dir='ltr'><strong>Aposto-</strong></span> 
     </span>
     <span class='ocr_line' id='line_1_7' title="bbox 289 1575 1416 1678; baseline -0.003 -28"><span class='ocrx_word' id='word_1_43' title='bbox 289 1583 352 1651; x_wconf 88' lang='lat' dir='ltr'><strong>lico</strong></span> <span class='ocrx_word' id='word_1_44' title='bbox 376 1581 460 1647; x_wconf 86' lang='lat' dir='ltr'><strong>inter</strong></span> <span class='ocrx_word' id='word_1_45' title='bbox 483 1575 626 1666; x_wconf 89' lang='lat' dir='ltr'><strong>V(riam)</strong></span> <span class='ocrx_word' id='word_1_46' title='bbox 649 1580 811 1678; x_wconf 86' lang='lat' dir='ltr'><strong>Abbatem</strong></span> <span class='ocrx_word' id='word_1_47' title='bbox 828 1585 861 1644; x_wconf 92' lang='lat' dir='ltr'><strong>ot</strong></span> <span class='ocrx_word' id='word_1_48' title='bbox 877 1577 1076 1648; x_wconf 81' lang='lat' dir='ltr'><strong>conuentum</strong></span> <span class='ocrx_word' id='word_1_49' title='bbox 1094 1581 1209 1648; x_wconf 82' lang='lat' dir='ltr'><strong>Sancti</strong></span> <span class='ocrx_word' id='word_1_50' title='bbox 1224 1582 1359 1648; x_wconf 84' lang='lat' dir='ltr'><strong>Martini</strong></span> <span class='ocrx_word' id='word_1_51' title='bbox 1374 1581 1416 1649; x_wconf 92' lang='lat' dir='ltr'><strong>de</strong></span> 
     </span>
     <span class='ocr_line' id='line_1_8' title="bbox 288 1677 1416 1776; baseline -0.002 -20"><span class='ocrx_word' id='word_1_52' title='bbox 288 1689 460 1757; x_wconf 86' lang='lat' dir='ltr'><strong>Pannonia</strong></span> <span class='ocrx_word' id='word_1_53' title='bbox 476 1707 518 1754; x_wconf 84' lang='lat' dir='ltr'><strong>ex</strong></span> <span class='ocrx_word' id='word_1_54' title='bbox 531 1677 597 1754; x_wconf 84' lang='lat' dir='ltr'><strong>una</strong></span> <span class='ocrx_word' id='word_1_55' title='bbox 612 1692 706 1773; x_wconf 87' lang='lat' dir='ltr'><strong>parto</strong></span> <span class='ocrx_word' id='word_1_56' title='bbox 722 1694 756 1754; x_wconf 92' lang='lat' dir='ltr'><strong>ot</strong></span> <span class='ocrx_word' id='word_1_57' title='bbox 770 1688 805 1754; x_wconf 79' lang='lat' dir='ltr'><strong>(l.</strong></span> <span class='ocrx_word' id='word_1_58' title='bbox 823 1689 1025 1774; x_wconf 75' lang='lat' dir='ltr'><strong>Propositum</strong></span> <span class='ocrx_word' id='word_1_59' title='bbox 1042 1695 1076 1756; x_wconf 91' lang='lat' dir='ltr'><strong>et</strong></span> <span class='ocrx_word' id='word_1_60' title='bbox 1092 1689 1280 1776; x_wconf 78' lang='lat' dir='ltr'><strong>Capitulum</strong></span> <span class='ocrx_word' id='word_1_61' title='bbox 1296 1689 1416 1766; x_wconf 79' lang='lat' dir='ltr'><strong>Alben-</strong></span> 
     </span>
     <span class='ocr_line' id='line_1_9' title="bbox 289 1795 1415 1884; baseline -0.003 -18"><span class='ocrx_word' id='word_1_62' title='bbox 289 1798 336 1866; x_wconf 86' lang='lat' dir='ltr'><strong>sis</strong></span> <span class='ocrx_word' id='word_1_63' title='bbox 351 1796 499 1865; x_wconf 77' lang='lat' dir='ltr'><strong>Ecclesia</strong></span> <span class='ocrx_word' id='word_1_64' title='bbox 515 1813 557 1863; x_wconf 90' lang='lat' dir='ltr'><strong>ex</strong></span> <span class='ocrx_word' id='word_1_65' title='bbox 576 1797 680 1862; x_wconf 89' lang='lat' dir='ltr'><strong>altera</strong></span> <span class='ocrx_word' id='word_1_66' title='bbox 689 1846 699 1879; x_wconf 96' lang='lat'><strong>,</strong></span> <span class='ocrx_word' id='word_1_67' title='bbox 716 1815 815 1881; x_wconf 89' lang='lat' dir='ltr'><strong>super</strong></span> <span class='ocrx_word' id='word_1_68' title='bbox 829 1795 967 1864; x_wconf 82' lang='lat' dir='ltr'><strong>decimis</strong></span> <span class='ocrx_word' id='word_1_69' title='bbox 982 1797 1228 1884; x_wconf 84' lang='lat' dir='ltr'><strong>possessionum</strong></span> <span class='ocrx_word' id='word_1_70' title='bbox 1244 1798 1415 1866; x_wconf 89' lang='lat' dir='ltr'><strong>canonico-</strong></span> 
     </span>
     <span class='ocr_line' id='line_1_10' title="bbox 289 1904 1417 1994; baseline -0.001 -21"><span class='ocrx_word' id='word_1_71' title='bbox 289 1925 359 1973; x_wconf 92' lang='lat' dir='ltr'><strong>rum</strong></span> <span class='ocrx_word' id='word_1_72' title='bbox 385 1913 419 1974; x_wconf 87' lang='lat' dir='ltr'><strong>ot</strong></span> <span class='ocrx_word' id='word_1_73' title='bbox 441 1906 634 1994; x_wconf 89' lang='lat' dir='ltr'><strong>populorum</strong></span> <span class='ocrx_word' id='word_1_74' title='bbox 650 1904 806 1972; x_wconf 86' lang='lat' dir='ltr'><strong>Albensis</strong></span> <span class='ocrx_word' id='word_1_75' title='bbox 822 1905 971 1974; x_wconf 79' lang='lat' dir='ltr'><strong>Ecclesia</strong></span> <span class='ocrx_word' id='word_1_76' title='bbox 995 1907 1028 1971; x_wconf 93' lang='lat' dir='ltr'><strong>iu</strong></span> <span class='ocrx_word' id='word_1_77' title='bbox 1046 1906 1210 1975; x_wconf 82' lang='lat' dir='ltr'><strong>Oomitatu</strong></span> <span class='ocrx_word' id='word_1_78' title='bbox 1226 1905 1417 1990; x_wconf 80' lang='lat' dir='ltr'><strong>Simigiensi</strong></span> 
     </span>
     <span class='ocr_line' id='line_1_11' title="bbox 289 2013 1415 2100; baseline -0.001 -18"><span class='ocrx_word' id='word_1_79' title='bbox 289 2015 517 2100; x_wconf 85' lang='lat' dir='ltr'><strong>existentium,</strong></span> <span class='ocrx_word' id='word_1_80' title='bbox 533 2019 568 2081; x_wconf 88' lang='lat' dir='ltr'><strong>et</strong></span> <span class='ocrx_word' id='word_1_81' title='bbox 582 2033 681 2100; x_wconf 88' lang='lat' dir='ltr'><strong>super</strong></span> <span class='ocrx_word' id='word_1_82' title='bbox 696 2013 830 2080; x_wconf 89' lang='lat' dir='ltr'><strong>arbitrio</strong></span> <span class='ocrx_word' id='word_1_83' title='bbox 847 2033 945 2100; x_wconf 90' lang='lat' dir='ltr'><strong>snper</strong></span> <span class='ocrx_word' id='word_1_84' title='bbox 961 2013 1086 2082; x_wconf 86' lang='lat' dir='ltr'><strong>eisdem</strong></span> <span class='ocrx_word' id='word_1_85' title='bbox 1101 2014 1251 2100; x_wconf 89' lang='lat' dir='ltr'><strong>prolato,</strong></span> <span class='ocrx_word' id='word_1_86' title='bbox 1277 2033 1317 2080; x_wconf 90' lang='lat' dir='ltr'><strong>ac</strong></span> <span class='ocrx_word' id='word_1_87' title='bbox 1330 2023 1415 2100; x_wconf 69' lang='lat' dir='ltr'><strong>‘qua-</strong></span> 
     </span>
     <span class='ocr_line' id='line_1_12' title="bbox 290 2121 1415 2208; baseline -0.003 -16"><span class='ocrx_word' id='word_1_88' title='bbox 290 2125 366 2192; x_wconf 91' lang='lat' dir='ltr'><strong>dam</strong></span> <span class='ocrx_word' id='word_1_89' title='bbox 390 2121 607 2192; x_wconf 84' lang='lat' dir='ltr'><strong>conuentione</strong></span> <span class='ocrx_word' id='word_1_90' title='bbox 633 2139 733 2208; x_wconf 87' lang='lat' dir='ltr'><strong>snper</strong></span> <span class='ocrx_word' id='word_1_91' title='bbox 756 2121 927 2208; x_wconf 83' lang='lat' dir='ltr'><strong>premissis</strong></span> <span class='ocrx_word' id='word_1_92' title='bbox 944 2121 1034 2190; x_wconf 86' lang='lat' dir='ltr'><strong>lacta</strong></span> <span class='ocrx_word' id='word_1_93' title='bbox 1050 2141 1159 2190; x_wconf 90' lang='lat' dir='ltr'><strong>coram</strong></span> <span class='ocrx_word' id='word_1_94' title='bbox 1175 2121 1275 2190; x_wconf 90' lang='lat' dir='ltr'><strong>nobis</strong></span> <span class='ocrx_word' id='word_1_95' title='bbox 1288 2123 1415 2205; x_wconf 85' lang='lat' dir='ltr'><strong>questio</strong></span> 
     </span>
     <span class='ocr_line' id='line_1_13' title="bbox 289 2228 1414 2318; baseline -0.007 -16"><span class='ocrx_word' id='word_1_96' title='bbox 289 2238 486 2316; x_wconf 70' lang='lat' dir='ltr'><strong>uerteretur,</strong></span> <span class='ocrx_word' id='word_1_97' title='bbox 511 2235 586 2317; x_wconf 85' lang='lat' dir='ltr'><strong>post</strong></span> <span class='ocrx_word' id='word_1_98' title='bbox 610 2231 731 2296; x_wconf 88' lang='lat' dir='ltr'><strong>multas</strong></span> <span class='ocrx_word' id='word_1_99' title='bbox 756 2234 788 2296; x_wconf 90' lang='lat' dir='ltr'><strong>et</strong></span> <span class='ocrx_word' id='word_1_100' title='bbox 811 2230 929 2312; x_wconf 79' lang='lat' dir='ltr'><strong>longas</strong></span> <span class='ocrx_word' id='word_1_101' title='bbox 946 2229 1205 2318; x_wconf 83' lang='lat' dir='ltr'><strong>disceptationes</strong></span> <span class='ocrx_word' id='word_1_102' title='bbox 1222 2228 1265 2296; x_wconf 90' lang='lat' dir='ltr'><strong>ad</strong></span> <span class='ocrx_word' id='word_1_103' title='bbox 1280 2231 1414 2296; x_wconf 59' lang='lat' dir='ltr'><strong>mulum</strong></span> 
     </span>
     <span class='ocr_line' id='line_1_14' title="bbox 290 2337 1414 2409; baseline -0.004 0"><span class='ocrx_word' id='word_1_104' title='bbox 290 2339 478 2409; x_wconf 78' lang='lat' dir='ltr'><strong>instantiam</strong></span> <span class='ocrx_word' id='word_1_105' title='bbox 506 2345 539 2407; x_wconf 90' lang='lat' dir='ltr'><strong>et</strong></span> <span class='ocrx_word' id='word_1_106' title='bbox 564 2337 822 2404; x_wconf 83' lang='lat' dir='ltr'><strong>exhortationem</strong></span> <span class='ocrx_word' id='word_1_107' title='bbox 849 2345 994 2406; x_wconf 88' lang='lat' dir='ltr'><strong>nostram</strong></span> <span class='ocrx_word' id='word_1_108' title='bbox 1011 2337 1089 2406; x_wconf 89' lang='lat' dir='ltr'><strong>talis</strong></span> <span class='ocrx_word' id='word_1_109' title='bbox 1104 2339 1145 2406; x_wconf 93' lang='lat' dir='ltr'><strong>de</strong></span> <span class='ocrx_word' id='word_1_110' title='bbox 1162 2358 1324 2407; x_wconf 88' lang='lat' dir='ltr'><strong>consensu</strong></span> <span class='ocrx_word' id='word_1_111' title='bbox 1339 2337 1414 2405; x_wconf 90' lang='lat' dir='ltr'><strong>ntri·</strong></span> 
     </span>
     <span class='ocr_line' id='line_1_15' title="bbox 290 2445 1417 2534; baseline -0.003 -19"><span class='ocrx_word' id='word_1_112' title='bbox 290 2466 394 2533; x_wconf 86' lang='lat' dir='ltr'><strong>usque</strong></span> <span class='ocrx_word' id='word_1_113' title='bbox 409 2447 512 2534; x_wconf 84' lang='lat' dir='ltr'><strong>partis</strong></span> <span class='ocrx_word' id='word_1_114' title='bbox 528 2445 612 2512; x_wconf 86' lang='lat' dir='ltr'><strong>inter</strong></span> <span class='ocrx_word' id='word_1_115' title='bbox 628 2463 686 2512; x_wconf 89' lang='lat' dir='ltr'><strong>eos</strong></span> <span class='ocrx_word' id='word_1_116' title='bbox 702 2446 894 2532; x_wconf 92' lang='lat' dir='ltr'><strong>compositio</strong></span> <span class='ocrx_word' id='word_1_117' title='bbox 909 2447 1100 2532; x_wconf 87' lang='lat' dir='ltr'><strong>interuenit,</strong></span> <span class='ocrx_word' id='word_1_118' title='bbox 1122 2446 1208 2530; x_wconf 89' lang='lat' dir='ltr'><strong>quod</strong></span> <span class='ocrx_word' id='word_1_119' title='bbox 1223 2447 1253 2514; x_wconf 89' lang='lat' dir='ltr'><strong>si</strong></span> <span class='ocrx_word' id='word_1_120' title='bbox 1268 2446 1417 2533; x_wconf 87' lang='lat' dir='ltr'><strong>Proposi-</strong></span> 
     </span>
     <span class='ocr_line' id='line_1_16' title="bbox 289 2553 1416 2641; baseline -0.003 -18"><span class='ocrx_word' id='word_1_121' title='bbox 289 2563 343 2623; x_wconf 90' lang='lat' dir='ltr'><strong>tus</strong></span> <span class='ocrx_word' id='word_1_122' title='bbox 368 2564 402 2624; x_wconf 90' lang='lat' dir='ltr'><strong>et</strong></span> <span class='ocrx_word' id='word_1_123' title='bbox 426 2555 610 2641; x_wconf 83' lang='lat' dir='ltr'><strong>(lapitulum</strong></span> <span class='ocrx_word' id='word_1_124' title='bbox 636 2555 779 2622; x_wconf 82' lang='lat' dir='ltr'><strong>Albense</strong></span> <span class='ocrx_word' id='word_1_125' title='bbox 805 2560 941 2641; x_wconf 87' lang='lat' dir='ltr'><strong>possent</strong></span> <span class='ocrx_word' id='word_1_126' title='bbox 965 2553 1008 2620; x_wconf 86' lang='lat' dir='ltr'><strong>ab</strong></span> <span class='ocrx_word' id='word_1_127' title='bbox 1032 2555 1165 2622; x_wconf 84' lang='lat' dir='ltr'><strong>Andrea</strong></span> <span class='ocrx_word' id='word_1_128' title='bbox 1189 2553 1311 2621; x_wconf 87' lang='lat' dir='ltr'><strong>Illustri</strong></span> <span class='ocrx_word' id='word_1_129' title='bbox 1326 2555 1416 2637; x_wconf 82' lang='lat' dir='ltr'><strong>Rogo</strong></span> 
     </span>
     <span class='ocr_line' id='line_1_17' title="bbox 291 2661 1416 2750; baseline -0.004 -20"><span class='ocrx_word' id='word_1_130' title='bbox 291 2661 435 2750; x_wconf 77' lang='lat' dir='ltr'><strong>lugaria</strong></span> <span class='ocrx_word' id='word_1_131' title='bbox 459 2663 623 2746; x_wconf 86' lang='lat' dir='ltr'><strong>obtinere,</strong></span> <span class='ocrx_word' id='word_1_132' title='bbox 650 2662 736 2746; x_wconf 88' lang='lat' dir='ltr'><strong>quod</strong></span> <span class='ocrx_word' id='word_1_133' title='bbox 761 2683 858 2732; x_wconf 84' lang='lat' dir='ltr'><strong>vnum</strong></span> <span class='ocrx_word' id='word_1_134' title='bbox 882 2663 1029 2730; x_wconf 82' lang='lat' dir='ltr'><strong>liminum</strong></span> <span class='ocrx_word' id='word_1_135' title='bbox 1055 2663 1174 2730; x_wconf 89' lang='lat' dir='ltr'><strong>salium</strong></span> <span class='ocrx_word' id='word_1_136' title='bbox 1190 2662 1364 2748; x_wconf 82' lang='lat' dir='ltr'><strong>Regalium</strong></span> <span class='ocrx_word' id='word_1_137' title='bbox 1383 2661 1416 2726; x_wconf 89' lang='lat' dir='ltr'><strong>iu</strong></span> 
     </span>
     <span class='ocr_line' id='line_1_18' title="bbox 290 2769 1415 2855; baseline -0.007 -13"><span class='ocrx_word' id='word_1_138' title='bbox 290 2771 430 2842; x_wconf 89' lang='lat' dir='ltr'><strong>Posonio</strong></span> <span class='ocrx_word' id='word_1_139' title='bbox 447 2771 646 2838; x_wconf 82' lang='lat' dir='ltr'><strong>Monastorio</strong></span> <span class='ocrx_word' id='word_1_140' title='bbox 662 2769 777 2838; x_wconf 85' lang='lat' dir='ltr'><strong>Sancti</strong></span> <span class='ocrx_word' id='word_1_141' title='bbox 794 2770 926 2838; x_wconf 87' lang='lat' dir='ltr'><strong>Martini</strong></span> <span class='ocrx_word' id='word_1_142' title='bbox 941 2771 1101 2839; x_wconf 87' lang='lat' dir='ltr'><strong>concedet</strong></span> <span class='ocrx_word' id='word_1_143' title='bbox 1116 2771 1307 2855; x_wconf 87' lang='lat' dir='ltr'><strong>annuatim,</strong></span> <span class='ocrx_word' id='word_1_144' title='bbox 1331 2775 1367 2835; x_wconf 87' lang='lat' dir='ltr'><strong>ut</strong></span> <span class='ocrx_word' id='word_1_145' title='bbox 1382 2769 1415 2834; x_wconf 89' lang='lat' dir='ltr'><strong>in</strong></span> 
     </span>
     <span class='ocr_line' id='line_1_19' title="bbox 290 2877 1415 2970; baseline -0.004 -23"><span class='ocrx_word' id='word_1_146' title='bbox 290 2879 464 2970; x_wconf 82' lang='lat' dir='ltr'><strong>priuilegio</strong></span> <span class='ocrx_word' id='word_1_147' title='bbox 474 2878 663 2946; x_wconf 85' lang='lat' dir='ltr'><strong>Albensium</strong></span> <span class='ocrx_word' id='word_1_148' title='bbox 674 2880 863 2966; x_wconf 88' lang='lat' dir='ltr'><strong>continetur,</strong></span> <span class='ocrx_word' id='word_1_149' title='bbox 881 2880 964 2948; x_wconf 88' lang='lat' dir='ltr'><strong>sicut</strong></span> <span class='ocrx_word' id='word_1_150' title='bbox 980 2886 1013 2946; x_wconf 93' lang='lat' dir='ltr'><strong>et</strong></span> <span class='ocrx_word' id='word_1_151' title='bbox 1027 2881 1079 2948; x_wconf 91' lang='lat' dir='ltr'><strong>sui</strong></span> <span class='ocrx_word' id='word_1_152' title='bbox 1095 2886 1323 2948; x_wconf 85' lang='lat' dir='ltr'><strong>antecessores</strong></span> <span class='ocrx_word' id='word_1_153' title='bbox 1339 2877 1415 2946; x_wconf 90' lang='lat' dir='ltr'><strong>litos</strong></span> 
     </span>
     <span class='ocr_line' id='line_1_20' title="bbox 289 2985 1416 3074; baseline -0.002 -20"><span class='ocrx_word' id='word_1_154' title='bbox 289 2989 375 3056; x_wconf 90' lang='lat' dir='ltr'><strong>inter</strong></span> <span class='ocrx_word' id='word_1_155' title='bbox 391 2985 549 3056; x_wconf 84' lang='lat' dir='ltr'><strong>ecclesias</strong></span> <span class='ocrx_word' id='word_1_156' title='bbox 566 2991 698 3056; x_wconf 74' lang='lat' dir='ltr'><strong>exortm</strong></span> <span class='ocrx_word' id='word_1_157' title='bbox 713 2987 792 3056; x_wconf 89' lang='lat' dir='ltr'><strong>talis</strong></span> <span class='ocrx_word' id='word_1_158' title='bbox 808 2988 994 3056; x_wconf 87' lang='lat' dir='ltr'><strong>donationis</strong></span> <span class='ocrx_word' id='word_1_159' title='bbox 1007 2987 1227 3056; x_wconf 87' lang='lat' dir='ltr'><strong>munificentia</strong></span> <span class='ocrx_word' id='word_1_160' title='bbox 1237 2987 1350 3074; x_wconf 91' lang='lat' dir='ltr'><strong>sepius</strong></span> <span class='ocrx_word' id='word_1_161' title='bbox 1366 3005 1416 3054; x_wconf 92' lang='lat' dir='ltr'><strong>so-</strong></span> 
     </span>
     <span class='ocr_line' id='line_1_21' title="bbox 290 3094 1416 3184; baseline -0.004 -20"><span class='ocrx_word' id='word_1_162' title='bbox 290 3097 391 3184; x_wconf 89' lang='lat' dir='ltr'><strong>piere,</strong></span> <span class='ocrx_word' id='word_1_163' title='bbox 407 3094 520 3170; x_wconf 82' lang='lat' dir='ltr'><strong>Abbas</strong></span> <span class='ocrx_word' id='word_1_164' title='bbox 537 3101 570 3162; x_wconf 90' lang='lat' dir='ltr'><strong>ot</strong></span> <span class='ocrx_word' id='word_1_165' title='bbox 586 3094 772 3164; x_wconf 82' lang='lat' dir='ltr'><strong>Conuontus</strong></span> <span class='ocrx_word' id='word_1_166' title='bbox 788 3096 902 3164; x_wconf 82' lang='lat' dir='ltr'><strong>Sancti</strong></span> <span class='ocrx_word' id='word_1_167' title='bbox 912 3097 1045 3163; x_wconf 86' lang='lat' dir='ltr'><strong>Martini</strong></span> <span class='ocrx_word' id='word_1_168' title='bbox 1062 3117 1083 3162; x_wconf 90' lang='lat' dir='ltr'><strong>a</strong></span> <span class='ocrx_word' id='word_1_169' title='bbox 1098 3095 1258 3182; x_wconf 87' lang='lat' dir='ltr'><strong>petitione</strong></span> <span class='ocrx_word' id='word_1_170' title='bbox 1275 3095 1416 3161; x_wconf 91' lang='lat' dir='ltr'><strong>omnium</strong></span> 
     </span>
     <span class='ocr_line' id='line_1_22' title="bbox 289 3203 1416 3288; baseline 0 -18"><span class='ocrx_word' id='word_1_171' title='bbox 289 3203 489 3272; x_wconf 85' lang='lat' dir='ltr'><strong>decimarum</strong></span> <span class='ocrx_word' id='word_1_172' title='bbox 505 3205 746 3288; x_wconf 88' lang='lat' dir='ltr'><strong>possessionem</strong></span> <span class='ocrx_word' id='word_1_173' title='bbox 761 3204 917 3272; x_wconf 78' lang='lat' dir='ltr'><strong>Aliensis</strong></span> <span class='ocrx_word' id='word_1_174' title='bbox 932 3205 1090 3288; x_wconf 83' lang='lat' dir='ltr'><strong>Ecclesia,</strong></span> <span class='ocrx_word' id='word_1_175' title='bbox 1108 3211 1142 3272; x_wconf 89' lang='lat' dir='ltr'><strong>ot</strong></span> <span class='ocrx_word' id='word_1_176' title='bbox 1156 3204 1271 3274; x_wconf 89' lang='lat' dir='ltr'><strong>Sancti</strong></span> <span class='ocrx_word' id='word_1_177' title='bbox 1286 3203 1416 3270; x_wconf 86' lang='lat' dir='ltr'><strong>Nicolai</strong></span> 
     </span>
     <span class='ocr_line' id='line_1_23' title="bbox 290 3299 1416 3398; baseline -0.003 -19"><span class='ocrx_word' id='word_1_178' title='bbox 290 3319 322 3379; x_wconf 91' lang='lat' dir='ltr'><strong>et</strong></span> <span class='ocrx_word' id='word_1_179' title='bbox 339 3311 588 3398; x_wconf 83' lang='lat' dir='ltr'><strong>canonicorum,</strong></span> <span class='ocrx_word' id='word_1_180' title='bbox 605 3311 796 3379; x_wconf 90' lang='lat' dir='ltr'><strong>clericorum</strong></span> <span class='ocrx_word' id='word_1_181' title='bbox 813 3319 845 3380; x_wconf 92' lang='lat' dir='ltr'><strong>et</strong></span> <span class='ocrx_word' id='word_1_182' title='bbox 860 3314 1052 3398; x_wconf 90' lang='lat' dir='ltr'><strong>populorum</strong></span> <span class='ocrx_word' id='word_1_183' title='bbox 1069 3299 1288 3398; x_wconf 81' lang='lat' dir='ltr'><strong>predictarum</strong></span> <span class='ocrx_word' id='word_1_184' title='bbox 1305 3311 1416 3378; x_wconf 86' lang='lat' dir='ltr'><strong>Eccle-</strong></span> 
     </span>
     <span class='ocr_line' id='line_1_24' title="bbox 289 3417 1431 3507; baseline -0.002 -19"><span class='ocrx_word' id='word_1_185' title='bbox 289 3421 411 3488; x_wconf 86' lang='lat' dir='ltr'><strong>siarum</strong></span> <span class='ocrx_word' id='word_1_186' title='bbox 426 3421 461 3486; x_wconf 92' lang='lat' dir='ltr'><strong>in</strong></span> <span class='ocrx_word' id='word_1_187' title='bbox 471 3420 635 3489; x_wconf 73' lang='lat' dir='ltr'><strong>comitatu</strong></span> <span class='ocrx_word' id='word_1_188' title='bbox 651 3420 840 3507; x_wconf 79' lang='lat' dir='ltr'><strong>Simigionsi</strong></span> <span class='ocrx_word' id='word_1_189' title='bbox 857 3439 960 3504; x_wconf 93' lang='lat' dir='ltr'><strong>usquo</strong></span> <span class='ocrx_word' id='word_1_190' title='bbox 976 3421 1019 3488; x_wconf 91' lang='lat' dir='ltr'><strong>ad</strong></span> <span class='ocrx_word' id='word_1_191' title='bbox 1035 3421 1097 3488; x_wconf 91' lang='lat' dir='ltr'><strong>bec</strong></span> <span class='ocrx_word' id='word_1_192' title='bbox 1112 3427 1258 3506; x_wconf 89' lang='lat' dir='ltr'><strong>tempora</strong></span> <span class='ocrx_word' id='word_1_193' title='bbox 1276 3417 1431 3488; x_wconf 61' lang='lat' dir='ltr'><strong>existen!</strong></span> 
     </span>
     <span class='ocr_line' id='line_1_25' title="bbox 279 3528 1417 3616; baseline -0.004 -17"><span class='ocrx_word' id='word_1_194' title='bbox 279 3530 369 3599; x_wconf 92' lang='lat' dir='ltr'><strong>tium</strong></span> <span class='ocrx_word' id='word_1_195' title='bbox 384 3535 542 3616; x_wconf 88' lang='lat' dir='ltr'><strong>perpetuo</strong></span> <span class='ocrx_word' id='word_1_196' title='bbox 559 3533 592 3596; x_wconf 91' lang='lat' dir='ltr'><strong>et</strong></span> <span class='ocrx_word' id='word_1_197' title='bbox 608 3547 741 3614; x_wconf 91' lang='lat' dir='ltr'><strong>prorsus</strong></span> <span class='ocrx_word' id='word_1_198' title='bbox 767 3529 956 3612; x_wconf 90' lang='lat' dir='ltr'><strong>discedent,</strong></span> <span class='ocrx_word' id='word_1_199' title='bbox 982 3547 1044 3596; x_wconf 89' lang='lat' dir='ltr'><strong>neo</strong></span> <span class='ocrx_word' id='word_1_200' title='bbox 1060 3531 1102 3596; x_wconf 91' lang='lat' dir='ltr'><strong>de</strong></span> <span class='ocrx_word' id='word_1_201' title='bbox 1118 3536 1226 3597; x_wconf 88' lang='lat' dir='ltr'><strong>cetero</strong></span> <span class='ocrx_word' id='word_1_202' title='bbox 1243 3528 1417 3598; x_wconf 88' lang='lat' dir='ltr'><strong>occasione</strong></span> 
     </span>
     <span class='ocr_line' id='line_1_26' title="bbox 288 3625 1417 3726; baseline 0.001 -24"><span class='ocrx_word' id='word_1_203' title='bbox 288 3636 507 3725; x_wconf 86' lang='lat' dir='ltr'><strong>predictarum</strong></span> <span class='ocrx_word' id='word_1_204' title='bbox 532 3637 729 3705; x_wconf 87' lang='lat' dir='ltr'><strong>decimarum</strong></span> <span class='ocrx_word' id='word_1_205' title='bbox 755 3640 808 3705; x_wconf 88' lang='lat' dir='ltr'><strong>uel</strong></span> <span class='ocrx_word' id='word_1_206' title='bbox 828 3625 962 3722; x_wconf 85' lang='lat' dir='ltr'><strong>¹arbitrij</strong></span> <span class='ocrx_word' id='word_1_207' title='bbox 990 3637 1043 3706; x_wconf 90' lang='lat' dir='ltr'><strong>uel</strong></span> <span class='ocrx_word' id='word_1_208' title='bbox 1063 3637 1290 3705; x_wconf 90' lang='lat' dir='ltr'><strong>conuentionis</strong></span> <span class='ocrx_word' id='word_1_209' title='bbox 1306 3657 1417 3726; x_wconf 84' lang='lat' dir='ltr'><strong>supra·</strong></span> 
     </span>
     <span class='ocr_line' id='line_1_27' title="bbox 290 3743 1416 3832; baseline 0 -18"><span class='ocrx_word' id='word_1_210' title='bbox 290 3745 377 3814; x_wconf 89' lang='lat' dir='ltr'><strong>dicte</strong></span> <span class='ocrx_word' id='word_1_211' title='bbox 401 3743 454 3812; x_wconf 91' lang='lat' dir='ltr'><strong>uel</strong></span> <span class='ocrx_word' id='word_1_212' title='bbox 477 3743 617 3810; x_wconf 85' lang='lat' dir='ltr'><strong>alicuius</strong></span> <span class='ocrx_word' id='word_1_213' title='bbox 633 3745 796 3812; x_wconf 84' lang='lat' dir='ltr'><strong>autentico</strong></span> <span class='ocrx_word' id='word_1_214' title='bbox 812 3747 974 3832; x_wconf 89' lang='lat' dir='ltr'><strong>scripture</strong></span> <span class='ocrx_word' id='word_1_215' title='bbox 989 3743 1033 3812; x_wconf 89' lang='lat' dir='ltr'><strong>ad</strong></span> <span class='ocrx_word' id='word_1_216' title='bbox 1050 3744 1224 3814; x_wconf 89' lang='lat' dir='ltr'><strong>ecclesiam</strong></span> <span class='ocrx_word' id='word_1_217' title='bbox 1240 3744 1416 3814; x_wconf 79' lang='lat' dir='ltr'><strong>Albensem</strong></span> 
     </span>
     <span class='ocr_line' id='line_1_28' title="bbox 289 3850 1415 3941; baseline 0.003 -22"><span class='ocrx_word' id='word_1_218' title='bbox 289 3873 455 3922; x_wconf 84' lang='lat' dir='ltr'><strong>recursum</strong></span> <span class='ocrx_word' id='word_1_219' title='bbox 471 3850 631 3920; x_wconf 87' lang='lat' dir='ltr'><strong>haberent</strong></span> <span class='ocrx_word' id='word_1_220' title='bbox 639 3900 649 3935; x_wconf 96' lang='lat'><strong>,</strong></span> <span class='ocrx_word' id='word_1_221' title='bbox 665 3853 712 3920; x_wconf 86' lang='lat' dir='ltr'><strong>ita</strong></span> <span class='ocrx_word' id='word_1_222' title='bbox 728 3859 857 3934; x_wconf 68' lang='lat' dir='ltr'><strong>muron,</strong></span> <span class='ocrx_word' id='word_1_223' title='bbox 882 3853 967 3938; x_wconf 89' lang='lat' dir='ltr'><strong>quod</strong></span> <span class='ocrx_word' id='word_1_224' title='bbox 982 3851 1119 3940; x_wconf 89' lang='lat' dir='ltr'><strong>predicti</strong></span> <span class='ocrx_word' id='word_1_225' title='bbox 1135 3851 1301 3923; x_wconf 75' lang='lat' dir='ltr'><strong>Albenses</strong></span> <span class='ocrx_word' id='word_1_226' title='bbox 1316 3874 1415 3941; x_wconf 91' lang='lat' dir='ltr'><strong>pona-</strong></span> 
     </span>
     <span class='ocr_line' id='line_1_29' title="bbox 290 3959 1416 4050; baseline 0.002 -22"><span class='ocrx_word' id='word_1_227' title='bbox 290 3967 362 4030; x_wconf 86' lang='lat' dir='ltr'><strong>rant</strong></span> <span class='ocrx_word' id='word_1_228' title='bbox 378 3961 447 4028; x_wconf 89' lang='lat' dir='ltr'><strong>suis</strong></span> <span class='ocrx_word' id='word_1_229' title='bbox 463 3959 619 4047; x_wconf 84' lang='lat' dir='ltr'><strong>expensis</strong></span> <span class='ocrx_word' id='word_1_230' title='bbox 635 3959 756 4028; x_wconf 87' lang='lat' dir='ltr'><strong>dictum</strong></span> <span class='ocrx_word' id='word_1_231' title='bbox 766 3962 931 4030; x_wconf 85' lang='lat' dir='ltr'><strong>Abbatem</strong></span> <span class='ocrx_word' id='word_1_232' title='bbox 946 3961 980 4028; x_wconf 91' lang='lat' dir='ltr'><strong>in</strong></span> <span class='ocrx_word' id='word_1_233' title='bbox 995 3959 1239 4047; x_wconf 87' lang='lat' dir='ltr'><strong>possessionem</strong></span> <span class='ocrx_word' id='word_1_234' title='bbox 1255 3963 1416 4050; x_wconf 88' lang='lat' dir='ltr'><strong>predicto-</strong></span> 
     </span>
     <span class='ocr_line' id='line_1_30' title="bbox 290 4066 1415 4154; baseline 0 -18"><span class='ocrx_word' id='word_1_235' title='bbox 290 4089 360 4136; x_wconf 89' lang='lat' dir='ltr'><strong>rum</strong></span> <span class='ocrx_word' id='word_1_236' title='bbox 377 4068 504 4152; x_wconf 91' lang='lat' dir='ltr'><strong>salium,</strong></span> <span class='ocrx_word' id='word_1_237' title='bbox 521 4075 554 4136; x_wconf 90' lang='lat' dir='ltr'><strong>et</strong></span> <span class='ocrx_word' id='word_1_238' title='bbox 569 4070 611 4136; x_wconf 91' lang='lat' dir='ltr'><strong>de</strong></span> <span class='ocrx_word' id='word_1_239' title='bbox 626 4069 807 4154; x_wconf 79' lang='lat' dir='ltr'><strong>nonaginta</strong></span> <span class='ocrx_word' id='word_1_240' title='bbox 823 4066 941 4136; x_wconf 89' lang='lat' dir='ltr'><strong>marcis</strong></span> <span class='ocrx_word' id='word_1_241' title='bbox 957 4067 1046 4136; x_wconf 90' lang='lat' dir='ltr'><strong>etde</strong></span> <span class='ocrx_word' id='word_1_242' title='bbox 1062 4069 1222 4152; x_wconf 87' lang='lat' dir='ltr'><strong>omnibus,</strong></span> <span class='ocrx_word' id='word_1_243' title='bbox 1239 4088 1304 4154; x_wconf 88' lang='lat' dir='ltr'><strong>quo</strong></span> <span class='ocrx_word' id='word_1_244' title='bbox 1320 4089 1415 4138; x_wconf 87' lang='lat' dir='ltr'><strong>occa·</strong></span> 
     </span>
     <span class='ocr_line' id='line_1_31' title="bbox 290 4174 1417 4263; baseline 0.002 -19"><span class='ocrx_word' id='word_1_245' title='bbox 290 4177 382 4244; x_wconf 92' lang='lat' dir='ltr'><strong>sione</strong></span> <span class='ocrx_word' id='word_1_246' title='bbox 407 4175 567 4244; x_wconf 87' lang='lat' dir='ltr'><strong>dictarum</strong></span> <span class='ocrx_word' id='word_1_247' title='bbox 591 4174 788 4252; x_wconf 90' lang='lat' dir='ltr'><strong>decimarum</strong></span> <span class='ocrx_word' id='word_1_248' title='bbox 812 4176 927 4244; x_wconf 81' lang='lat' dir='ltr'><strong>Abbaa</strong></span> <span class='ocrx_word' id='word_1_249' title='bbox 942 4177 997 4242; x_wconf 91' lang='lat' dir='ltr'><strong>ncl</strong></span> <span class='ocrx_word' id='word_1_250' title='bbox 1013 4175 1135 4263; x_wconf 89' lang='lat' dir='ltr'><strong>aliquis</strong></span> <span class='ocrx_word' id='word_1_251' title='bbox 1159 4178 1290 4245; x_wconf 90' lang='lat' dir='ltr'><strong>nomino</strong></span> <span class='ocrx_word' id='word_1_252' title='bbox 1305 4177 1417 4246; x_wconf 78' lang='lat' dir='ltr'><strong>Mona·</strong></span> 
     </span>
     <span class='ocr_line' id='line_1_32' title="bbox 290 4283 1416 4372; baseline 0.001 -20"><span class='ocrx_word' id='word_1_253' title='bbox 290 4283 381 4369; x_wconf 83' lang='lat' dir='ltr'><strong>atarij</strong></span> <span class='ocrx_word' id='word_1_254' title='bbox 399 4283 514 4353; x_wconf 86' lang='lat' dir='ltr'><strong>Sancti</strong></span> <span class='ocrx_word' id='word_1_255' title='bbox 528 4284 661 4352; x_wconf 87' lang='lat' dir='ltr'><strong>Martini</strong></span> <span class='ocrx_word' id='word_1_256' title='bbox 676 4285 787 4368; x_wconf 86' lang='lat' dir='ltr'><strong>aliquo</strong></span> <span class='ocrx_word' id='word_1_257' title='bbox 803 4292 950 4371; x_wconf 89' lang='lat' dir='ltr'><strong>tompore</strong></span> <span class='ocrx_word' id='word_1_258' title='bbox 971 4285 1014 4351; x_wconf 86' lang='lat' dir='ltr'><strong>ab</strong></span> <span class='ocrx_word' id='word_1_259' title='bbox 1030 4283 1227 4352; x_wconf 82' lang='lat' dir='ltr'><strong>Albensibus</strong></span> <span class='ocrx_word' id='word_1_260' title='bbox 1242 4285 1416 4372; x_wconf 89' lang='lat' dir='ltr'><strong>potierant,</strong></span> 
     </span>
     <span class='ocr_line' id='line_1_33' title="bbox 290 4391 1418 4481; baseline 0.003 -23"><span class='ocrx_word' id='word_1_261' title='bbox 290 4399 359 4458; x_wconf 88' lang='lat' dir='ltr'><strong>tam</strong></span> <span class='ocrx_word' id='word_1_262' title='bbox 374 4391 478 4459; x_wconf 91' lang='lat' dir='ltr'><strong>dictus</strong></span> <span class='ocrx_word' id='word_1_263' title='bbox 494 4391 608 4460; x_wconf 80' lang='lat' dir='ltr'><strong>Abbas</strong></span> <span class='ocrx_word' id='word_1_264' title='bbox 632 4399 666 4460; x_wconf 90' lang='lat' dir='ltr'><strong>ot</strong></span> <span class='ocrx_word' id='word_1_265' title='bbox 690 4392 879 4461; x_wconf 82' lang='lat' dir='ltr'><strong>Oonuentus</strong></span> <span class='ocrx_word' id='word_1_266' title='bbox 895 4393 1052 4479; x_wconf 87' lang='lat' dir='ltr'><strong>eiusdem,</strong></span> <span class='ocrx_word' id='word_1_267' title='bbox 1073 4413 1172 4478; x_wconf 87' lang='lat' dir='ltr'><strong>quam</strong></span> <span class='ocrx_word' id='word_1_268' title='bbox 1186 4393 1326 4481; x_wconf 87' lang='lat' dir='ltr'><strong>predicti</strong></span> <span class='ocrx_word' id='word_1_269' title='bbox 1341 4395 1418 4462; x_wconf 90' lang='lat' dir='ltr'><strong>Pre-</strong></span> 
     </span>
     <span class='ocr_line' id='line_1_34' title="bbox 290 4497 1418 4590; baseline 0.002 -23"><span class='ocrx_word' id='word_1_270' title='bbox 290 4497 414 4585; x_wconf 90' lang='lat' dir='ltr'><strong>positus</strong></span> <span class='ocrx_word' id='word_1_271' title='bbox 430 4506 463 4566; x_wconf 91' lang='lat' dir='ltr'><strong>et</strong></span> <span class='ocrx_word' id='word_1_272' title='bbox 478 4499 663 4586; x_wconf 77' lang='lat' dir='ltr'><strong>Capitulum</strong></span> <span class='ocrx_word' id='word_1_273' title='bbox 678 4499 835 4570; x_wconf 90' lang='lat' dir='ltr'><strong>mandato</strong></span> <span class='ocrx_word' id='word_1_274' title='bbox 852 4508 885 4568; x_wconf 87' lang='lat' dir='ltr'><strong>et</strong></span> <span class='ocrx_word' id='word_1_275' title='bbox 900 4501 1035 4569; x_wconf 88' lang='lat' dir='ltr'><strong>arbitrio</strong></span> <span class='ocrx_word' id='word_1_276' title='bbox 1051 4506 1182 4587; x_wconf 90' lang='lat' dir='ltr'><strong>nostro,</strong></span> <span class='ocrx_word' id='word_1_277' title='bbox 1209 4507 1243 4567; x_wconf 92' lang='lat' dir='ltr'><strong>ot</strong></span> <span class='ocrx_word' id='word_1_278' title='bbox 1266 4501 1418 4590; x_wconf 78' lang='lat' dir='ltr'><strong>magistri</strong></span> 
     </span>
     <span class='ocr_line' id='line_1_35' title="bbox 290 4605 1418 4706; baseline 0.005 -36"><span class='ocrx_word' id='word_1_279' title='bbox 290 4607 465 4682; x_wconf 77' lang='lat' dir='ltr'><strong>Monaeses</strong></span> <span class='ocrx_word' id='word_1_280' title='bbox 481 4605 711 4688; x_wconf 84' lang='lat' dir='ltr'><strong>Archidlacopi</strong></span> <span class='ocrx_word' id='word_1_281' title='bbox 735 4609 777 4687; x_wconf 82' lang='lat' dir='ltr'><strong>dc</strong></span> <span class='ocrx_word' id='word_1_282' title='bbox 793 4609 926 4690; x_wconf 73' lang='lat' dir='ltr'><strong>Saspar</strong></span> <span class='ocrx_word' id='word_1_283' title='bbox 951 4617 984 4692; x_wconf 77' lang='lat' dir='ltr'><strong>at</strong></span> <span class='ocrx_word' id='word_1_284' title='bbox 1008 4607 1167 4692; x_wconf 72' lang='lat' dir='ltr'><strong>(laconici</strong></span> <span class='ocrx_word' id='word_1_285' title='bbox 1183 4609 1418 4706; x_wconf 73' lang='lat' dir='ltr'><strong>Strigonionsia</strong></span> 
     </span>
    </p>
   </div>
   <div class='ocr_carea' id='block_1_4' title="bbox 0 0 1617 5054">
    <p class='ocr_par' dir='ltr' id='par_1_4' title="bbox 0 0 1617 5054">
     <span class='ocr_line' id='line_1_36' title="bbox 0 0 1617 5054; baseline 0 0"><span class='ocrx_word' id='word_1_286' title='bbox 0 0 1617 5054; x_wconf 95' lang='lat' dir='ltr'><strong> </strong></span> 
     </span>
    </p>
   </div>
  </div>
 </body>
</html>
