3214 5072
852 353 894 425 96
991 347 1046 360 ”

275 541 279 554 ’
321 558 450 642 exigere
467 565 498 624 et
515 563 705 641 extorquere
717 561 941 640 praesumant,
959 561 992 620 et
1008 573 1110 637 prava
1127 573 1166 619 ac
1181 553 1314 620 sinistre
1339 555 1439 620 inter·

319 668 501 754 pretatione
517 665 776 752 Apostolicorum
787 661 1026 750 privilegiorum
1043 663 1224 746 capitulum
1241 669 1451 748 ,pervertes--

269 813 273 822 ·
320 787 370 840 tes
387 781 536 842 asserunt
551 771 592 846 de
609 773 782 839 novalibus
798 771 918 838 debere
934 771 1082 856 intelligi,
1100 772 1157 836 uhi
1172 772 1316 838 noscitur
1332 771 1374 836 de
1390 771 1438 836 la-

320 881 454 948 boribus
469 900 544 948 esse
561 881 727 966 scriptum.
752 881 857 962 Quum
875 859 975 964 igitur
997 879 1205 944 manifestum
1222 885 1272 944 est
1288 877 1440 954 omnibns

321 989 376 1071 qni
393 997 482 1056 recte
498 988 638 1073 sapiunt,
651 987 950 1072 interpretationem
960 985 1146 1070 hujusmodi
1161 1003 1348 1076 perversam
1366 1001 1441 1049 esse

321 1103 355 1162 et
370 1096 549 1161 intellectui
565 1115 645 1160 sane
663 1095 872 1180 contrariam,
885 1114 958 1159 cum
975 1094 1149 1172 secundum
1167 1092 1343 1180 capitulum
1361 1089 1464 1184 illncl.

222 1217 224 1225 “
323 1205 519 1270 asolutione
536 1203 733 1268 decimarum
749 1209 815 1268 tam
841 1203 881 1268 de
905 1204 1000 1268 terris
1025 1201 1102 1287 illis,
1128 1222 1211 1285 quas
1236 1201 1441 1266 deduxerunt

323 1311 376 1378 rel
392 1311 554 1378 deducunt
568 1311 612 1377 ad
629 1313 758 1396 cultum,
785 1331 881 1394 quam
912 1311 953 1376 de
978 1312 1072 1377 terris
1098 1311 1196 1376 etiam
1223 1309 1328 1393 cultis,
1358 1327 1441 1393 quas

323 1421 461 1507 propriis
477 1420 625 1486 manibus
641 1419 692 1486 vel
709 1421 889 1505 sumptibus
913 1421 1074 1499 excolunt,
1099 1420 1193 1485 liberi
1218 1419 1283 1484 sint
1309 1421 1439 1502 penitus

325 1535 358 1594 ct
372 1529 539 1620 immunes,
551 1529 692 1593 newullus
708 1509 820 1594 contra
836 1548 891 1594 eos
909 1530 1078 1594 materiam
1089 1527 1211 1594 haheat
1225 1525 1437 1610 malignandi,

324 1634 538 1710 Universitati
553 1627 661 1701 vestre
677 1654 735 1720 per
751 1637 940 1720 Apostolica
964 1636 1086 1719 scripta
1101 1633 1332 1721 praecipiendo
1346 1655 1438 1700 mau-

326 1745 453 1830 damns,
478 1752 642 1828 qnatenus
674 1745 821 1812 omnihus
851 1743 1061 1830 parochianis
1093 1743 1211 1810 restris
1242 1740 1440 1810 authoritate

325 1853 515 1940 Apostolioa
546 1851 716 1937 prohibere
749 1852 877 1930 curetis,
909 1870 949 1916 ne
980 1851 1208 1917 ememoratis
1224 1849 1381 1916 fratribus
1398 1850 1440 1914 de

325 1960 498 2028 novalibus
514 1963 566 2023 vel
582 1958 622 2024 de
638 1958 714 2026 aliis
730 1959 836 2043 terris,
852 1977 932 2041 quas
949 1959 1090 2043 propriis
1105 1957 1252 2024 manibus
1275 1958 1328 2022 vel
1355 1975 1439 2022 sum·

224 2122 227 2128 .
326 2071 434 2155 ptibus
450 2070 612 2152 excolunt,
629 2087 687 2134 seu
703 2068 743 2134 de
759 2067 964 2135 nutrimentis
981 2066 1169 2132 animalium
1195 2067 1360 2132 ullatenus
1386 2063 1440 2128 dc=

327 2180 430 2263 cimas
466 2181 678 2263 praesumant
718 2176 848 2257 exigere
880 2173 932 2241 vel
963 2173 1204 2258 quomodolibet
1236 2180 1439 2255 extorquere.

327 2285 411 2362 Quia
427 2303 583 2352 veronen
600 2289 649 2350 est
674 2284 870 2349 conveniens
885 2283 938 2350 rel
952 2281 1132 2365 honestum,
1150 2287 1312 2348 utcontra
1341 2279 1436 2346 Sedis
1468 2326 1470 2332 .

327 2391 536 2476 Apostolicae
552 2391 771 2476 indulgentias
787 2397 909 2456 temere
925 2391 1083 2474 veniatur,
1102 2409 1187 2472 qnae
1213 2389 1359 2456 obtinere
1386 2388 1440 2460 de·

327 2501 405 2567 hcnt
435 2498 657 2566 inviolabilem
680 2497 880 2582 firmitatem
913 2495 1102 2564 mandamus
1126 2495 1221 2564 vohis
1243 2495 1441 2580 firmiterque

328 2607 557 2692 praecipimus,
573 2613 608 2670 ut
630 2607 660 2672 si
685 2607 740 2690 qui
770 2589 929 2688 monachi,
955 2606 1113 2688 canonici,
1140 2605 1253 2671 clerici
1284 2606 1337 2670 vel
1363 2605 1442 2670 laici

330 2723 442 2781 contra
457 2713 631 2800 privilegia
646 2714 741 2780 Sedis
758 2714 967 2798 apostolicae
983 2719 1177 2780 memoratos
1202 2713 1319 2779 fratres
1344 2733 1443 2799 super

273 2849 281 2865 ·
329 2803 713 2888 decimarnm‘exacticne
728 2821 955 2906 gravaverint;
979 2821 1082 2888 laicos
1098 2821 1442 2886 excommunicationis

330 2929 492 2999 sententia
508 2931 741 3015 percellentes;
773 2929 963 3012 monachos,
995 2929 1170 2997 canonicos
1201 2931 1271 2996 sive
1302 2928 1440 2994 clericos

331 3037 594 3123 contradictione,
611 3037 767 3103 dilatione
784 3043 817 3103 et
840 3037 1061 3123 appellatione
1089 3043 1240 3106 cessante
1265 3038 1307 3103 ah
1332 3035 1440 3103 officio
1536 3045 1542 3055 '

330 3145 547 3232 suspendatis,
574 3151 607 3210 et
634 3153 702 3210 tam
727 3145 1067 3212 excommunicationis
1094 3165 1189 3228 qnam
1216 3142 1440 3230 suspensionis

331 3255 522 3321 sententiam
539 3253 671 3320 faciatis
687 3269 788 3336 usque
805 3253 848 3320 ad
864 3253 996 3338 dignam
1023 3253 1280 3321 satisfactionem
1305 3253 1441 3320 inviola-

330 3363 441 3429 biliter
462 3362 638 3452 observari.
670 3361 723 3428 tc
753 3360 1085 3448 hascpraesentium
1115 3361 1210 3429 robis
1242 3360 1444 3430 authoritate

330 3469 562 3558 praecipiendo
593 3469 796 3551 mandamns,
829 3467 988 3554 quatenus
1019 3471 1048 3541 si
1079 3471 1150 3556 quis
1175 3472 1351 3538 eorundem
1385 3487 1443 3557 pa-

330 3581 555 3646 rochianorum
570 3587 752 3648 uestrorum
766 3579 800 3646 in
817 3597 918 3664 saepe
934 3579 1037 3646 dictos
1054 3581 1171 3646 iratres
1186 3579 1351 3646 violentus
1374 3597 1443 3644 ma·

331 3707 391 3756 nus
417 3687 578 3773 injecerit,
604 3707 678 3753 eum
699 3689 855 3776 accensis
873 3671 1020 3756 candelis
1046 3689 1359 3758 excommunicatum
1383 3705 1443 3773 pu·

331 3795 416 3866 blica
446 3797 605 3884 nunciatis
638 3803 670 3863 et
700 3805 854 3882 tanqmm
896 3799 1209 3866 excommunicatum
1238 3798 1370 3866 faciatis
1401 3799 1444 3866 ah

320 3900 480 3974 'omnihus
497 3907 621 3974 cautius
638 3907 763 3985 evitari,
781 3908 884 3974 donec
900 3907 1023 3975 eisdem
1046 3908 1199 3976 iratribus
1226 3927 1367 3994 congrue
1393 3931 1445 3976 sa·
1502 3979 1505 3988 ,

332 4016 486 4100 tisfaciat,
503 4023 537 4082 ct
552 4035 624 4082 enm
640 4017 756 4082 litteris
774 4016 971 4114 Diocaesani
987 4018 1090 4104 ipsius
1114 4021 1162 4086 rei
1178 4019 1347 4084 veritatem
1369 4039 1444 4085 con-

332 4124 507 4192 tinentibus
522 4125 709 4212 Apostolico
727 4145 762 4192 se
779 4127 967 4212 conspectui
977 4133 1174 4212 praesentet.
1189 4129 1310 4196 Datum
1320 4129 1445 4195 Romae

334 4234 421 4318 apud
436 4233 591 4300 Sanctum
608 4235 735 4301 Petrum
760 4233 820 4299 XI.
845 4253 949 4302 nonas
975 4235 1083 4302 Martii
1108 4235 1317 4303 Pontificatus
1344 4234 1447 4302 nostri
1570 4221 1597 4272 ·'

335 4359 419 4407 anno
435 4342 567 4412 decimo.

441 4484 606 4561 (Herenesy
625 4489 745 4548 herirati
763 4487 1024 4563 gytjmmenytbol,
1044 4488 1120 4548 LlIl.
1139 4491 1197 4550 lot.
1216 4491 1276 4549 211.
1296 4491 1338 4565 l).
