3214 5066
821 875 898 950 too.

241 1151 246 1170 ,
299 1066 434 1156 Addidi
459 1067 613 1152 MPialan
631 1065 709 1130 Poto
728 1063 866 1151 qrdfook
892 1087 931 1129 oz
957 1067 1312 1132 attendebamus·
1326 1069 1419 1152 apdt·

297 1181 354 1264 ³59
367 1179 511 1241 ”dmm
525 1173 694 1260 &amotae
709 1183 764 1239 tett
775 1172 1029 1260 atupttvduyctrdl
1039 1173 1082 1238 dd
1093 1173 1301 1262 bizonyedpot.
1319 1173 1417 1238 1221.

405 1355 498 1420 Anno
515 1354 636 1420 domini
652 1355 706 1420 Me
718 1351 888 1420 00⁰.XX⁰.
914 1351 1018 1439 primo
1035 1353 1155 1419 faotum
1171 1358 1231 1436 est,
1246 1349 1332 1436 quod
1347 1351 1418 1436 Pot,

298 1461 385 1530 filius
400 1463 529 1526 Potonis
544 1461 688 1545 Comitis,
717 1459 760 1528 ad
776 1479 836 1526 nos
854 1458 1041 1525 Geuriensee
1056 1460 1232 1527 oenonieos
1248 1461 1347 1544 venit,
1359 1457 1418 1525 do·

299 1571 387 1637 mino
398 1569 500 1634 Cosme
509 1569 684 1655 Episcopo,
696 1573 729 1633 et
745 1567 839 1634 nobis
855 1567 965 1633 taliter
981 1569 1100 1652 retulit,
1117 1574 1151 1634 et
1166 1565 1417 1652 disposicionem

167 1753 172 1762 ,
298 1678 401 1764 petris
418 1679 469 1762 sui
483 1677 593 1743 taliter
608 1674 820 1761 significavit:
838 1675 932 1754 Quod
956 1696 1057 1760 supro
1081 1675 1263 1742 Musonium
1285 1676 1319 1741 in
1338 1671 1418 1742 uilla

298 1784 404 1854 Saeuo
418 1785 510 1850 iuxta
525 1783 635 1867 Nube,
653 1781 807 1868 quidquid
823 1782 903 1850 iuris
921 1783 991 1867 ipse
1006 1783 1207 1870 possidebat,
1222 1782 1370 1867 plenarie
1386 1789 1418 1848 et

299 1891 370 1958 sine
393 1892 506 1976 eliqua
531 1889 746 1957 diminucione
771 1889 919 1956 Eoelesie
943 1890 1056 1956 Sancte
1084 1887 1193 1958 ornae
1215 1888 1248 1956 in
1272 1889 1415 1972 Aust-iu,

239 2052 245 2062 .
299 1999 377 2085 quis
391 1998 438 2065 ibi
453 2005 526 2065 voto
543 1997 707 2064 confrater
722 1997 837 2082 fuerat,
853 2004 1009 2089 perpetuo
1026 1999 1160 2064 eontulit
1175 1995 1416 2084 possidendum.

278 2163 282 2172 .
301 2108 345 2174 Et
358 2126 399 2171 ne
414 2113 490 2191 post
505 2113 641 2172 mortem
658 2105 727 2171 eius
744 2126 765 2172 a
782 2106 858 2172 filiis
874 2105 928 2172 uel
944 2128 964 2172 a
980 2107 1152 2192 nepotibus
1182 2105 1250 2172 suis
1267 2089 1418 2170 Eeol'esie

190 2220 197 2270 ί
301 2220 479 2280 memorato
495 2233 593 2299 super
609 2213 670 2278 boo
685 2195 790 2299 pissit
805 2215 935 2294 habere
953 2213 1204 2300 inpedimentum
1219 2215 1272 2280 uel
1289 2219 1415 2280 eonne-

299 2318 489 2405 dioeionem,
506 2327 619 2386 nostro
635 2321 822 2386 testimonio
839 2319 872 2386 in
889 2329 1071 2406 presentem
1087 2329 1209 2388 eertum
1221 2321 1352 2407 petierit
1360 2319 1416 2387 ed-

301 2427 424 2512 notori‚
448 2434 481 2494 et
500 2427 608 2513 sigitlo
626 2427 766 2513 Capituli
782 2429 885 2496 nostri
901 2431 1083 2514 inpressam
1098 2431 1304 2514 presentibus
1320 2435 1355 2494 et
1370 2428 1416 2494 iu·

301 2534 381 2604 tuu's
397 2535 429 2602 in
445 2543 669 2621 argumentum
685 2535 772 2621 fidei,
789 2540 817 2606 si
834 2535 915 2625 opus
932 2539 1039 2622 fuerit,
1055 2539 1249 2624 presentari.
1275 2535 1416 2602 Buteone

303 2645 485 2730 Proposito,
502 2644 596 2710 Beda
612 2644 762 2728 Custode,
786 2645 958 2712 Veruntoue
976 2647 1112 2714 Deoano
1126 2644 1353 2712 existentibus.

306 2817 363 2890 (An
377 2819 481 2876 eredeti
495 2817 564 2876 uttn
576 2819 688 2908 Weiss,
715 2821 873 2878 Urkunden
886 2823 937 2878 des
951 2821 1261 2880 Cisteroienserbtiites
1273 2785 1418 2893 iieidgen·

621 2910 717 2978 menz,
734 2909 754 2968 1.
768 2911 826 2967 kut.
839 2910 912 2967 Bees
926 2913 1005 2970 lese.
1018 2913 1060 2967 57.
1075 2911 1107 2982 l.)
1176 2929 1181 2938 '

733 3170 975 3182 m..

816 3483 894 3551 toa.

365 3663 510 3731 nabbe
525 3666 608 3730 totai
624 3665 766 3750 aputnat
781 3663 1064 3754 birtoledtsjobdzdsi
1077 3675 1172 3753 {typus
1187 3665 1360 3733 oonetkozd

512 3791 518 3800 ·
642 3773 857 3860 meyerdst'tdoe.
878 3773 977 3838 1221.
1075 3855 1079 3868 “

410 3947 568 4034 Quoniam
592 3949 757 4016 mundano
780 3949 928 4018 humenis
953 3950 1101 4019 uidentur
1125 3971 1198 4020 esse
1222 3953 1414 4038 transibilio,

305 4060 365 4128 sub
386 4055 535 4142 oirogmfi
558 4057 759 4142 proteotione
784 4057 1010 4125 commendere
1035 4077 1247 4144 procuramus
1273 4079 1414 4144 eausam,

305 4187 368 4252 que
382 4163 571 4233 portebatur
585 4163 791 4232 interMedue
801 4173 834 4232 et
844 4165 949 4234 Cesar
964 4169 1021 4232 sub
1036 4167 1099 4235 hue
1114 4165 1231 4235 torma:
1244 4170 1413 4236 Prediotus

306 4275 410 4342 Gezer
424 4273 552 4340 vineam
577 4273 611 4338 in
635 4279 743 4340 monte
768 4275 907 4356 quodem
932 4293 1031 4360 supro
1056 4295 1172 4344 nouem
1188 4277 1300 4344 villam
1315 4275 1414 4344 hebe-

306 4382 373 4464 bat,
390 4399 526 4464 eamque
544 4380 671 4465 pretato
686 4383 728 4448 Μ.
745 4400 845 4449 eausa
860 4381 1064 4450 neoessitatis
1087 4403 1145 4472 pro
1168 4383 1272 4450 tribus
1297 4383 1414 4452 mareis

309 4485 498 4570 obbliguuit
513 4487 639 4556 Mortuo
650 4490 691 4555 M.
702 4489 819 4558 comiti
830 4491 911 4557 Bors
926 4490 1091 4560 remansit.
1107 4493 1322 4560 Prenominati
1336 4511 1413 4560 uero

307 4591 444 4658 Gouerdi
459 4613 560 4680 nepos
575 4598 685 4663 Petrus
700 4598 848 4683 nomine,
874 4597 907 4667 in
930 4601 1099 4684 presencia
1115 4602 1248 4669 Comitis
1263 4602 1413 4669 Maurioii

308 4699 349 4765 N.
365 4698 505 4766 Palatini
520 4702 653 4770 Comitis
668 4707 739 4772 uice
755 4703 891 4790 iudicis,
908 4705 1032 4776 Thomu
1056 4709 1219 4796 prestuldo
1234 4711 1410 4795 requisiuit,
