3214 5066
779 315 934 424 Q

297 515 356 586 tini
372 517 432 587 sub
447 518 643 583 testamento
659 511 836 597 dimiserat,
856 517 889 578 et
905 511 1010 580 eciam
1026 511 1103 599 alia,
1122 513 1287 596 queidem
1302 513 1419 585 Abbao

298 625 484 693 amenibus
504 621 730 709 diripiencium
747 628 780 689 et
794 621 881 688 falso
899 621 1108 724 occupaoium
1125 623 1166 690 de
1182 624 1253 691 inre
1268 623 1419 692 Ecclesie

157 809 160 820 ¹
296 753 354 820 per
369 733 485 800 iudicis
501 731 670 799 arbitrium
687 731 772 798 insto
790 729 940 796 examine
955 735 1137 816 receperat,
1148 751 1209 798 neo
1219 729 1283 798 n'on
1293 735 1416 823 etalio,

298 859 360 926 que
376 839 554 925 empcionis
569 837 663 904 titulo
679 835 890 924 possederat,
917 853 977 902 sen
993 856 1057 920 qne
1073 855 1131 923 pro
1147 839 1286 924 pecunie
1302 839 1418 936 Eccle3

297 949 345 1016 sie
360 967 424 1014 non
438 945 581 1014 indebite
598 945 659 1013 sed
673 945 758 1012 iuste
772 943 984 1029 requisierat,
1005 945 1209 1012 auctoritatis
1228 951 1338 1016 nostre
1354 969 1420 1016 mu-

296 1054 426 1139 nimine,
446 1075 486 1122 ne
505 1055 715 1140 imposterum
736 1051 846 1135 aliquo
866 1071 1008 1136 unquam
1024 1059 1166 1139 ternpore
1181 1055 1241 1139 pe'r
1255 1051 1417 1125 dolosita-

296 1163 338 1230 tis
354 1161 563 1230 seminarium
589 1169 621 1228 et
645 1161 793 1228 uersucie
810 1159 1027 1246 calumpniam
1045 1161 1220 1245 quidquam
1237 1181 1277 1230 ex
1293 1163 1356 1251 hys
1372 1163 1419 1232 di·
1551 1213 1558 1230 .

298 1271 399 1338 minui
416 1272 471 1338 vel
484 1271 633 1339 reuocari
648 1272 772 1338 ualeret
788 1273 820 1337 in
836 1269 969 1354 irritum,
985 1271 1133 1338 roborari
1143 1270 1338 1340 faceremus.
1348 1273 1418 1343 Nos

297 1397 384 1465 aero,
403 1378 480 1463 quia
495 1385 639 1446 nostrum
655 1387 704 1446 est
720 1371 907 1465 spe'cialiter
921 1379 1077 1466 Ecclesys
1095 1380 1273 1464 Regalibus
1283 1381 1340 1467 pia
1353 1379 1417 1449 sol·

298 1487 464 1556 lioitndine
488 1487 678 1574 prouidere,
703 1487 897 1572 peticionem
914 1488 981 1554 ium
997 1487 1078 1555 dicti
1093 1487 1231 1555 Abbatis
1247 1491 1417 1558 admitten-

296 1602 355 1678 tes,
366 1603 550 1682 presentem
564 1595 768 1682 psginam'in
783 1595 1018 1681 generaciones
1027 1596 1278 1679 generacionum
1288 1596 1416 1664 illibate

297 1704 552 1775 conseruandam
575 1713 686 1774 nostro
710 1705 879 1790 privilegio
900 1705 1052 1773 iussimus
1067 1705 1225 1772 roborari.
1254 1705 1416 1774 Donaoio-

295 1835 369 1882 nem
384 1815 481 1900 igitur
496 1833 592 1898 quam
619 1813 714 1881 Oatlu
730 1813 956 1899 prenominato
975 1813 1172 1880 monasterio
1189 1811 1265 1880 iecit
1279 1813 1340 1880 hec
1355 1821 1416 1882 est.

296 1925 437 2007 Partem,
453 1941 515 2007 que
530 1923 635 2008 ipsum
651 1925 684 1988 in
700 1927 787 1988 terre
802 1920 888 1987 Elbo
903 1921 1112 2006 contingebat
1128 1941 1200 1988 omn
1216 1922 1332 1990 ineolis
1347 1921 1416 1988 anis

286 2051 431 2126 'quorum
445 2027 579 2097 nomina
594 2035 669 2098 sunt
683 2028 764 2096 hec:
793 2029 904 2096 Gucca
918 2047 990 2097 eum
1005 2029 1090 2108 filio,
1107 2029 1207 2096 Goscl
1223 2049 1296 2096 cnm
1310 2031 1416 2097 tribus

284 2127 383 2225 'filijs
409 2139 519 2216 Zubus
534 2157 593 2223 pro
609 2157 654 2216 se,
680 2139 785 2206 Feros
801 2155 872 2204 oum
896 2137 962 2205 filio
989 2135 1139 2222 Georgio,
1165 2137 1299 2224 Bngvar
1315 2157 1415 2222 quon·
1494 2165 1503 2180 ·

298 2247 374 2316 dem
389 2247 481 2314 Beud
497 2265 567 2312 cum
584 2247 617 2312 Π
632 2245 730 2332 iilijs,
745 2253 778 2313 et
792 2244 876 2314 filins
890 2245 1050 2332 Michael,
1069 2247 1161 2334 Heoy
1177 2266 1248 2313 cum
1264 2247 1313 2313 111
1328 2245 1415 2334 filijs,

298 2355 488 2442 Noplegnen
503 2373 574 2422 curn
588 2353 625 2422 II
636 2353 731 2440 filijs,
757 2353 850 2426 Deca
873 2375 943 2422 cnm
958 2354 1036 2441 filio,
1061 2353 1169 2441 Nugul
1193 2353 1294 2422 filium
1312 2354 1417 2422 (thina

297 2463 406 2548 Conci,
416 2463 488 2531 Vici
506 2483 579 2530 cnm
595 2463 632 2544 ΙΙ
642 2463 729 2544 tiliis,
739 2464 837 2547 Vitla,
848 2463 935 2532 Vital
948 2483 1019 2530 curn
1035 2465 1051 2529 Ι
1066 2462 1142 2547 filio,
1159 2463 1271 2547 Gouoi,
1287 2461 1411 2531 Hodus·

249 2639 253 2654 ,
296 2589 385 2656 geur,
400 2570 492 2637 Deca
507 2589 579 2638 cum
594 2571 645 2638 III
659 2570 745 2656 filijs,
757 2571 841 2654 Hab,
852 2571 965 2638 Zenka
981 2589 1051 2636 cum
1068 2561 1144 2654 tilio,
1161 2571 1326 2654 Lugurnus
1342 2589 1415 2636 enm

296 2677 430 2764 lItiiijs,
447 2677 585 2745 Moohou
601 2697 672 2746 curn
689 2680 721 2746 II
736 2677 824 2764 filijs,
841 2677 985 2746 Chomou
1001 2697 1073 2744 oum
1090 2679 1121 2744 Il
1136 2676 1224 2762 iujo,
1239 2675 1327 2743 filins
1335 2675 1414 2743 Ger·
1461 2683 1465 2690 '

297 2805 398 2874 easy,
415 2787 524 2874 Bocy,
542 2782 656 2853 Ghima
666 2833 675 2872 ,
693 2807 764 2853 oum
781 2787 829 2852 ΙΠ
844 2786 930 2872 diijs,
947 2787 1047 2852 Gema
1064 2795 1096 2852 et
1111 2785 1200 2851 Eius.
1226 2785 1310 2850 Item
1325 2781 1416 2852 dedit

295 2913 424 2962 seruum
449 2895 584 2990 nomine,
600 2893 709 2960 Lazou
734 2889 921 2962 cum'uxorc
938 2901 973 2962 et
988 2895 1053 2961 IHI
1069 2891 1208 2960 filiabus.
1242 2895 1325 2960 Item
1340 2911 1414 2979 par-

296 3007 361 3069 tem
386 3021 483 3086 quam
508 3003 541 3068 in
566 3009 652 3068 terra
676 3003 799 3068 sermm
823 3000 966 3070 habebat
991 3021 1063 3068 cum
1094 3002 1209 3068 incolis
1224 3003 1302 3068 auis.
1332 3003 1414 3068 Item

296 3111 378 3178 duos
394 3109 674 3178 seruos·vidclicet
689 3111 816 3194 Micon,
842 3111 961 3177 Vencir
985 3129 1057 3176 cum
1081 3111 1206 3194 uineis,
1233 3127 1316 3200 quas
1332 3109 1415 3174 eole-

295 3218 393 3310 bant,
417 3224 452 3283 ut
475 3218 642 3284 annuatim
668 3237 741 3284 curn
760 3219 884 3285 tunella
909 3218 1137 3286 uiniseruiant
1153 3236 1231 3286 suas
1247 3217 1413 3300 exequias.

295 3326 378 3394 Item
394 3344 523 3392 seruum
538 3325 669 3392 nomine
686 3325 803 3412 Geplet
817 3344 890 3393 cum
915 3325 1012 3411 fllijs,
1038 3333 1072 3392 et
1097 3345 1169 3391 cum
1194 3326 1292 3392 uinea
1316 3343 1415 3408 qnam

295 3434 391 3516 colit,
417 3433 539 3499 seruire
565 3433 673 3526 domni
699 3432 894 3500 infirmorum
909 3431 1055 3500 fratrum.
1087 3435 1303 3502 ltemterram
1320 3431 1415 3498 Cotto

295 3559 398 3627 prope
413 3542 570 3620 insulem,
597 3543 838 3627 quamproprie
854 3539 1058 3628 possidebat,
1081 3542 1147 3607 ium
1162 3539 1249 3608 dicte
1264 3537 1415 3606 Ecclesie

296 3649 389 3716 salue
404 3647 535 3714 dimisit.
546 3649 626 3714 Item
642 3667 729 3732 pers,
740 3669 801 3732 que
817 3653 922 3735 ipsum
937 3650 971 3716 in
982 3631 1235 3731 terra-Socorou,
1253 3655 1285 3713 et
1300 3647 1334 3712 in
1349 3647 1413 3713 Ba·

296 3774 388 3840 runa,
404 3763 439 3821 et
451 3761 484 3820 in
500 3755 613 3842 predio
629 3756 724 3822 Catio
740 3757 959 3842 contingebat,
985 3755 1091 3826 eidem
1107 3757 1256 3823 Ecclesie
1272 3754 1414 3840 reliquit.

296 3867 380 3933 ltem
395 3863 585 3940 Ambrosius
599 3863 702 3928 frater
718 3863 863 3930 eiusdem
890 3865 987 3931 (istiu
1012 3865 1103 3932 dedit
1129 3865 1237 3932 eidem
1264 3862 1415 3931 Ecclesie

297 3981 434 4060 partem,
452 3989 548 4054 quern
563 3971 597 4034 in
613 3971 725 4055 predio
742 3971 926 4058 Bormum,
947 3974 1034 4055 quod
1050 3981 1187 4040 uocatur
1204 3967 1299 4040 endu
1314 3971 1414 4040 habe-

297 4083 363 4164 bat,
381 4099 453 4146 cum
468 4077 584 4146 incolis
600 4079 684 4164 suis;
711 4085 744 4145 et
759 4087 885 4164 partem
901 4079 1012 4147 fratris
1028 4083 1087 4164 sni,
1103 4099 1197 4164 quarn
1212 4081 1255 4148 ab
1271 4081 1345 4168 ipso
1361 4099 1413 4148 ac·

297 4195 450 4275 coporos,
469 4205 540 4252 oum
555 4193 648 4271 parte
665 4203 725 4252 sna
740 4204 837 4270 quarn
852 4186 968 4254 hebuit
983 4189 1015 4254 in
1031 4189 1160 4272 Elbuu,
1179 4208 1313 4272 quornm
1328 4190 1414 4256 inco-

296 4297 400 4362 larum
415 4295 544 4362 nomina
560 4299 635 4360 sunt
650 4294 731 4360 hec:
759 4295 839 4360 Paul
864 4313 935 4360 cum
960 4297 993 4362 11
1007 4295 1107 4382 filijs,
1134 4295 1225 4363 Ghub
1252 4315 1324 4363 cnm
1348 4299 1413 4364 IIII

298 4401 385 4487 dlijs,
402 4401 536 4469 Alchioa
552 4421 623 4467 cum
637 4399 713 4486 filio,
730 4401 822 4470 Zada
838 4423 909 4468 com
924 4405 957 4470 II
971 4402 1069 4488 filijs,
1085 4404 1258 4487 ternosue
1274 4425 1346 4472 cum
1362 4406 1414 4472 111

298 4505 388 4590 fiiijs.
420 4507 550 4573 Partem
567 4509 672 4574 eciam
687 4527 796 4592 suam,
823 4528 920 4594 quam
944 4511 977 4576 in
1003 4519 1091 4578 terra
1107 4512 1243 4578 Seeleus
1259 4511 1414 4596 habebat,

303 4631 377 4679 uem
394 4611 496 4694 silva,
513 4621 546 4680 et
561 4619 665 4683 sernia
681 4617 724 4684 ad
740 4619 844 4702 ipsum
861 4619 1117 4723 pertinentibus,
1137 4619 1289 4687 videlicet
1302 4618 1417 4689 Weset
