3222 5054
798 334 960 439 ...232

321 545 432 594 aarum
443 533 563 609 terras,
581 525 803 614 appellatione
819 531 960 610 remota,
977 541 1094 609 cogas,
1110 527 1260 611 quotiens
1275 526 1376 595 fueris
1392 547 1441 596 re·

321 634 467 716 quisitus.
485 629 606 700 Datum
622 631 777 700 Laterani
791 632 904 701 Idibus
919 634 1078 704 Jeuuarii.
1095 635 1190 730 Anno
1207 633 1266 712 XL
1311 691 1313 696 ,

424 743 462 808 In
479 763 506 809 e.
525 763 567 811 m.
584 742 660 809 aliis
676 741 942 830 Arehiapiseopis
959 749 992 813 et
1007 743 1179 835 episeopis
1194 750 1228 814 at
1242 743 1393 814 Prolatis.

391 889 393 894 v
410 934 472 997 (ΠΙ.
485 934 629 994 Honorius
638 933 714 1009 pdpa
726 937 910 1010 Regestaibdl
922 939 1046 996 Tbeiner
1057 939 1095 996 id.
1108 956 1144 995 m.
1157 937 1179 996 1.
1193 941 1222 998 k.
1235 939 1278 996 il.
1291 939 1333 1013 1.).

762 1233 964 1248 —n———un-

850 1575 928 1644 tos.

324 1762 382 1828 IX.
400 1755 531 1845 Gerpoly
550 1759 642 1844 φάρει
672 1756 766 1854 Urius
785 1749 1027 1842 paouoobulmi'
1040 1761 1280 1824 areat-rudrtom'
1301 1761 1443 1847 apdtouk

367 1892 405 1934 aa
421 1869 554 1955 apdtadq
562 1866 711 1952 jdszcipoi
724 1863 831 1928 kbrilli
844 1857 1081 1932 reodelloezdseo't
1097 1857 1399 1956 omitime9.1227.

430 2046 609 2132 Gregorius
624 2043 805 2131 Episeopus
822 2063 934 2112 servus
950 2061 1116 2112 servorum
1132 2046 1194 2113 Dei
1216 2045 1346 2114 dileetio
1370 2043 1444 2112 filiis

326 2205 334 2222 .
351 2203 360 2224 .
376 2205 384 2222 .
403 2154 526 2224 Abbati
541 2161 574 2220 et
591 2151 774 2220 (lonuentui
789 2153 902 2220 Sancti
912 2151 1043 2222 Martini
1058 2151 1099 2220 de
1109 2153 1289 2230 Pannonia,
1305 2154 1443 2223 salutem

325 2271 358 2334 et
373 2260 597 2348 apostolieum
612 2253 883 2327 benedictionem.
900 2256 1193 2346 Juatis‘potentium
1209 2261 1382 2330 desideriis
1398 2263 1444 2332 di-

325 2391 423 2459 guam
438 2374 488 2437 ost
502 2386 561 2434 nos
577 2366 708 2432 iaoilem
724 2367 862 2452 prebere
879 2386 1092 2454 eonsensum,
1121 2374 1153 2436 et
1168 2375 1265 2455 uota,
1282 2389 1344 2454 que
1360 2391 1382 2437 a
1396 2392 1445 2438 ra·

323 2478 422 2548 tionis
446 2459 574 2544 tramite
598 2493 663 2541 nos
682 2475 883 2560 *discordant
901 2475 1018 2544 effeotu
1036 2487 1256 2564 prosequente
1272 2481 1444 2566 complere.
1530 2551 1534 2556 ,

325 2591 377 2657 llx
390 2590 504 2654 uestra
516 2601 596 2652 saue
610 2583 768 2650 relatione
784 2581 975 2670 didicimus,
999 2586 1082 2670 quod
1098 2593 1134 2651 tu
1151 2584 1207 2671 fili,
1230 2585 1355 2672 Abbas‚
1371 2607 1445 2674 pos·

325 2695 490 2765 sessiones
515 2701 547 2760 et
573 2689 716 2759 redditus
742 2692 948 2776 quarundam
965 2694 1114 2762 villarum
1130 2699 1185 2762 tuo
1201 2695 1314 2762 labore
1330 2703 1364 2763 et
1379 2704 1446 2763 stu·

213 2861 224 2886 ,
326 2804 380 2872 dio
396 2799 592 2870 Mouasterio
607 2799 768 2884 aequisita
783 2803 945 2868 eommuni
962 2821 1073 2869 mense
1083 2801 1270 2896 Conuentus
1286 2811 1319 2873 et
1334 2806 1446 2873 usibus

326 2909 521 2978 infirmorum
537 2913 570 2975 et
584 2925 774 2995 pauperum,
791 2929 853 2976 nee
868 2931 933 2976 non
950 2908 1093 2976 eiusdem
1103 2911 1293 2978 Monastorii
1309 2911 1445 2980 lumina·

325 3020 416 3088 ribus
432 3018 615 3104 deputasti„
635 3015 705 3084 Nos
721 3037 799 3103 ergo
814 3017 932 3086 uestris
948 3017 1099 3107 precibus
1115 3019 1278 3106 inclinati,
1295 3025 1383 3108 quod
1397 3041 1445 3088 su-

326 3145 385 3217 per
399 3127 461 3218 hoe
476 3146 498 3194 a
513 3129 557 3211 te,
572 3127 696 3210 Abbus,
710 3126 764 3210 pie
781 3145 821 3194 ao
835 3129 994 3195 oenouioe
1009 3125 1132 3194 iaoium
1147 3136 1197 3196 est
1205 3177 1215 3213 ‚
1233 3129 1317 3197 sieut
1331 3131 1366 3197 iu
1381 3129 1446 3198 tuis

327 3235 483 3305 eonieotis
503 3233 621 3300 exinde
636 3233 755 3301 littoris
771 3234 900 3321 plenius
917 3235 1114 3321 continetur,
1140 3237 1334 3304 auctoritate
1360 3239 1444 3321 Apo·

327 3343 445 3413 stolioa
459 3341 702 3428 confirmamus,
723 3348 756 3410 et
770 3343 931 3430 presentis
946 3346 1059 3432 seripti
1073 3345 1256 3438 patrooinio
1274 3344 1445 3412 eommuni-

328 3471 409 3520 mus.
424 3450 515 3518 Nulli
530 3471 607 3534 ergo
626 3451 754 3530 omniuo
769 3450 934 3519 hominum
949 3453 1050 3521 liceat
1064 3452 1151 3520 bane
1167 3453 1322 3537 paginam
1337 3460 1447 3520 nostre

329 3558 581 3628 confirmationis
596 3557 783 3645 infringere,
805 3563 859 3626 rel
874 3561 906 3626 ei
921 3579 1003 3630 ausu
1018 3563 1193 3629 temerario
1208 3563 1381 3629 contraire.
1412 3559 1448 3630 Si
1575 3555 1578 3570 '

279 3675 281 3680 '
329 3669 401 3752 quis
415 3675 524 3735 autem
538 3667 599 3734 hoe
614 3674 810 3753 attemptare
824 3666 1068 3755 presumpserit,
1100 3667 1357 3753 indignationem
1374 3669 1448 3738 Om-

324 3777 503 3861 nipoteutis
520 3775 600 3861 Dei,
627 3783 659 3842 et
678 3779 852 3844 Beatorum
868 3777 957 3842 Petri
972 3783 1005 3844 et
1021 3777 1115 3844 Pauli
1129 3777 1362 3862 Apostolorum
1378 3779 1448 3844 elus

327 3901 365 3952 sa
379 3883 505 3978 nouerit
519 3883 734 3952 ineursururn.
750 3883 871 3952 Datum
887 3883 1039 3970 Anagnie
1055 3883 1098 3951 X.
1113 3883 1189 3952 Kal.
1205 3881 1299 3972 Julij.
1316 3883 1448 3954 Pontifi-

328 3996 424 4061 eatns
437 3989 540 4060 nostri
553 4011 641 4060 auno
657 3994 770 4078 primo

424 4134 427 4144 .
473 4168 616 4241 (Eredetie
634 4187 653 4226 a
671 4155 883 4228 ruent-mittum
903 4159 1056 4245 ibapdtsdg
1073 4141 1295 4254 leudltdrtban.)
1372 4217 1375 4222 ι

760 4383 1006 4396 m
