3214 5072
826 335 974 436 —eo4

199 599 208 617 ,
335 528 461 594 stodum
476 548 642 613 porcorum
658 529 692 594 iu
709 529 794 596 silua
810 527 911 614 Seliju
922 537 954 596 et
965 531 1142 598 oratorium
1153 531 1187 598 in
1197 531 1316 601 Dinna.
1326 532 1378 600 bd
1394 533 1456 600 hec

335 635 426 702 iuxta
440 636 583 722 vestigia
599 637 815 704 concessoris
830 636 934 703 nostri
954 639 1124 708 Paschalis
1150 658 1248 726 pape,
1276 640 1456 708 secundum

335 749 456 834 quoda
472 749 568 817 beate
583 747 735 816 memorie
751 748 916 834 Stephano
933 748 1024 835 Rege
1046 755 1204 818 statutum
1230 758 1290 835 est,
1301 731 1454 837 'presenti

334 858 505 943 priuilegio
536 860 717 942 statuimus,
749 863 786 924 ut
815 857 896 924 nulli
927 859 1062 944 Regum,
1091 858 1303 946 ‘comitatum
1337 860 1453 950 Archi·

335 965 569 1055 episcopomm,
602 965 837 1052 Episcoporum
868 973 925 1034 aut
955 969 1104 1053 cuiquam
1130 969 1187 1038 alii
1208 967 1371 1054 derebus,
1389 987 1455 1053 quq

335 1073 504 1142 iamdicto
521 1075 719 1142 monasterio
736 1073 853 1140 collate
870 1083 944 1141 sunt
960 1083 992 1144 et
1008 1077 1188 1161 commisse,
1206 1080 1261 1144 acl
1284 1076 1318 1142 in
1342 1081 1454 1162 poste·

334 1201 403 1250 rum
418 1183 656 1249 rationabiliter
666 1181 878 1269 conferentur,
890 1185 1034 1254 minuere
1044 1185 1143 1252 liceat
1159 1193 1216 1250 aut
1232 1183 1371 1266 auferre,
1390 1202 1449 1250 seu

335 1292 464 1392 ablatas
481 1291 631 1358 retinere.
648 1279 762 1360 Lio'eat
778 1311 905 1375 quoquo
921 1293 1013 1362 vobis
1031 1293 1193 1381 'personas
1219 1313 1238 1360 ο
1263 1294 1372 1366 seculo
1404 1290 1451 1357 iu·

336 1398 462 1483 gientes
486 1399 607 1466 liberas
633 1405 665 1468 et
689 1400 857 1467 absolutos
883 1400 926 1468 ad
960 1404 1203 1470 consensionem
1226 1403 1393 1492 recipcre,
1419 1405 1453 1466 et

336 1525 393 1574 eas
409 1507 534 1590 absque
551 1505 804 1576 contradictione
830 1508 967 1593 alicujus
991 1513 1140 1577 retinere.
1164 1509 1377 1576 Prohibentes
1403 1507 1451 1572 in·

336 1635 441 1706 super,
459 1624 494 1684 ut
508 1617 590 1682 nulli
606 1616 738 1684 fratrum
755 1621 932 1684 vestrorum
947 1624 1022 1705 post
1044 1619 1163 1686 factam
1181 1618 1215 1682 in
1241 1615 1354 1684 eodem
1379 1616 1452 1681 loco

335 1725 576 1812 possessionem
593 1723 645 1794 fes
662 1726 705 1792 sit
729 1727 854 1810 absque
870 1726 1009 1793 Abbatis
1037 1727 1088 1794 sui
1112 1726 1244 1792 licentia
1270 1725 1313 1791 de
1338 1723 1451 1792 eodem

335 1833 546 1916 monasterio,
586 1835 650 1901 nisi
680 1835 837 1907 arctioris
868 1835 1035 1918 religionis
1082 1835 1218 1901 obtentu
1258 1831 1450 1918 discedere,

334 1943 554 2012 discedentem
585 1959 661 2010 uero
700 1944 823 2026 absque
848 1944 1028 2010 litterarum
1060 1942 1275 2010 communium
1298 1941 1451 2008 cautione

334 2035 440 2118 nullus
455 2051 575 2118 audeat
590 2051 739 2120 retinere.
765 2052 890 2118 Grisma
905 2071 993 2135 uero,
1018 2053 1125 2118 oleum
1150 2057 1310 2132 sanctum,
1337 2066 1449 2116 consc-

232 2221 233 2225 ,
335 2161 496 2232 crationes
512 2162 663 2228 altarium
680 2179 737 2228 seu
752 2161 974 2244 basilicarum,
985 2158 1206 2226 ordinationes
1222 2155 1452 2226 monachorum

335 2270 367 2328 et
381 2262 571 2329 clericorum
587 2269 778 2346 uestrorum,
793 2267 849 2346 qui
874 2267 918 2332 ad
942 2285 1053 2334 saeros
1077 2265 1207 2333 ordines
1235 2265 1452 2352 fuerintpro·

334 2368 486 2436 mouendi
502 2389 523 2435 a
538 2370 713 2436 diocesano
739 2369 923 2454 suscipietis
945 2372 1119 2459 Episcopo,
1137 2374 1294 2457 siquidem
1310 2371 1447 2439 catholi-

335 2497 393 2546 cus
409 2477 506 2544 suerit
522 2484 555 2544 ct
569 2479 711 2563 gratiam
735 2485 833 2561 atque
859 2483 1114 2550 communionem
1141 2481 1330 2567 Apostolice
1355 2479 1451 2548 Sedis

336 2585 494 2671 babuerit,
510 2599 543 2652 ct
558 2605 598 2653 ea
613 2587 717 2670 gratis
734 2593 767 2654 et
782 2589 907 2672 absque
924 2591 1088 2672 pronitate
1105 2590 1215 2672 aliqua
1232 2590 1324 2656 nobis
1340 2590 1450 2656 uolue-

335 2695 376 2762 rit
402 2695 566 2764 exhibere.
596 2697 749 2779 Alioquin
789 2699 889 2764 liceat
914 2698 1006 2765 uobis
1031 2717 1250 2782 quemcunque
1273 2697 1452 2789 malueritis

243 2823 248 2834 ·
335 2804 426 2872 adire
442 2807 629 2888 antistitem,
646 2806 702 2890 qui
718 2806 868 2872 nimirum
884 2813 997 2884 nostra
1012 2808 1112 2874 fultus
1136 2801 1338 2889 auctoritate,
1363 2806 1449 2890 quod

334 2916 516 2998 postulatur
545 2914 723 3008 indulgeat
762 2914 942 2982 Monachus
982 2917 1081 2982 etiam
1120 2923 1153 2980 at
1183 2913 1450 2982 sanctimoniales

334 3023 439 3090 eidem
454 3025 647 3090 monasterio
664 3022 826 3091 subiectas
841 3025 912 3090 sine
933 3022 1125 3106 cuiusquam
1147 3024 1365 3110 prohibitione
1392 3041 1448 3088 uo·

334 3132 385 3198 bis
399 3133 592 3215 regulariter
606 3133 705 3199 liceat
720 3132 872 3200 iudicare.
895 3133 1096 3219 Baptismum
1122 3152 1248 3215 quoque
1263 3152 1322 3217 per
1337 3133 1448 3202 Ecolce

335 3239 402 3306 sias
417 3239 492 3306 illas
508 3239 580 3308 fieri
596 3241 811 3324 concedimus,
827 3241 860 3306 in
876 3239 995 3323 quibus
1012 3259 1052 3305 ex
1068 3260 1157 3307 more
1175 3238 1263 3308 soliti
1288 3241 1366 3308 estis
1391 3261 1451 3308 an·

334 3343 466 3431 tiquitus
482 3345 601 3414 lacere.
625 3349 716 3416 Nulli
730 3366 859 3431 quoqne
883 3346 1204 3434 Anchicpiscopomm
1229 3349 1284 3415 ael
1308 3348 1442 3434 Episco-

334 3473 447 3541 porum
461 3456 559 3526 liceat
574 3459 607 3524 in
623 3455 688 3526 iam
703 3456 790 3525 dioto
805 3453 1001 3524 monasterio
1012 3456 1235 3524 ordinationes
1251 3456 1370 3541 lacere,
1388 3475 1447 3524 seu
1516 3507 1518 3514 ,

333 3563 451 3632 missas
467 3565 615 3648 publicas
624 3567 801 3650 celebrare,
817 3563 881 3632 nisi
897 3565 939 3631 ab
954 3565 1084 3632 Abbate
1097 3566 1254 3634 inuitatus
1269 3565 1378 3644 fuerit,
1394 3566 1449 3631 uel
1505 3547 1510 3555 ¹

334 3673 368 3739 in
383 3672 531 3740 ecelesiis
556 3672 662 3764 eidem
683 3673 884 3740 ,monasterio
908 3664 1062 3742 subiectis
1086 3672 1292 3742 sacerdotem
1319 3693 1446 3742 excom-

299 3856 302 3864 ,
334 3780 510 3860 manicare,
523 3781 578 3846 uel
592 3780 752 3848 Abbatem
768 3781 812 3848 ad
836 3781 996 3868 synodum
1011 3801 1147 3871 uocare,
1164 3783 1224 3852 sed
1239 3803 1279 3850 ea
1295 3783 1449 3850 libertate

333 3888 487 3974 gaudeat,
517 3909 584 3972 qua
614 3889 843 3984 monasterium
867 3891 1066 3962 cassinense
1089 3893 1233 3978 gaudere
1258 3892 1447 3960 dinoscitur.

334 3991 466 4064 Decime
497 4017 575 4066 uero
606 3997 821 4084 Sumigiensis
852 4000 1014 4085 territorii,
1042 4020 1123 4084 quas
1139 4001 1370 4069 monasterium
1389 4021 1445 4068 ue-

335 4105 418 4172 tmm
432 4125 490 4193 per
520 4105 736 4192 quadraginta
750 4127 854 4176 annos
875 4109 1012 4193 pacifice
1026 4111 1139 4193 tenuit,
1156 4115 1189 4175 et
1205 4109 1443 4184 concessiones,

334 4235 416 4300 quas
431 4217 593 4302 predictus
608 4217 679 4284 Rex
698 4217 960 4306 Stephanuspro
979 4217 1115 4285 tuitione
1138 4219 1253 4304 patrie,
1269 4238 1328 4303 pro
1353 4225 1443 4284 statu

332 4323 445 4410 Regni,
462 4333 494 4392 ct
508 4347 567 4412 pro
583 4333 756 4410 augmento
771 4326 847 4394 fidei
860 4327 963 4394 Beato
979 4327 1119 4394 Martino
1147 4328 1321 4410 concessit,
1346 4325 1438 4392 firme

330 4431 424 4500 uobis
440 4441 472 4501 et
494 4436 689 4502 monasterio
713 4444 822 4503 nestro
848 4442 882 4502 et
904 4436 1029 4502 illibate
1054 4441 1278 4522 permaneant.
1303 4433 1356 4501 Ad
1384 4434 1446 4502 bec

331 4542 470 4625 mitram,
485 4542 612 4628 uirgam
626 4543 834 4629 pastoralem,
851 4542 1005 4611 annulum
1017 4551 1052 4612 et
1067 4545 1133 4612 alia
1148 4543 1301 4629 iusignia,
1334 4563 1396 4628 que
1424 4566 1446 4612 a

330 4649 549 4734 quadraginta
564 4652 658 4718 annis
673 4657 759 4718 retro
779 4651 926 4719 Abbates
950 4653 1138 4720 monasterii
1163 4651 1272 4737 nestri,
1297 4652 1353 4734 qni
1378 4671 1440 4737 pro
