3234 5072
809 355 960 464 ...l-2-

322 549 461 634 nicntur,
480 554 515 616 ut
529 547 653 616 iaciunt
667 551 702 616 in
717 552 828 618 cinere
853 555 910 616 out
933 547 985 618 his
1012 551 1182 636 similibus,
1207 548 1249 615 ab
1264 547 1436 634 Episcopir

322 653 463 740 flagellis
478 654 696 724 emendentur.

428 762 566 832 XXXV.
603 765 664 830 Dc
696 764 933 832 inuosione
966 765 1193 832 domorum.
1225 765 1437 836 VOLUMUS

303 949 305 954 ¹
326 879 361 938 ut
374 869 467 938 firmo
482 892 549 959 pax
564 877 598 936 ct
612 872 809 938 unanimitas
825 874 868 940 sit
892 874 978 939 inter
1000 873 1140 940 maiores
1157 882 1189 939 et
1213 875 1367 958 minores,
1403 895 1440 960 sc

321 977 457 1046 cundum
479 979 682 1064 apostolom:
708 977 831 1048 Omnes
847 980 1014 1046 unanimes
1031 970 1145 1060 estote,
1164 988 1196 1047 et
1212 988 1360 1066 caeteru3
1375 1001 1437 1050 nec

322 1086 441 1170 aliquis
472 1086 572 1153 alium
597 1085 752 1154 inuadere
777 1085 906 1153 audeat.
931 1089 1014 1154 Num
1040 1089 1068 1154 si
1093 1087 1164 1172 quis
1189 1092 1337 1157 comitum
1364 1108 1437 1178 posu

321 1192 544 1262 diffinitionem
558 1193 652 1261 huius
669 1197 845 1290 communis
868 1195 997 1261 concilii
1012 1201 1077 1262 tum
1093 1203 1267 1264 contumax
1281 1198 1426 1265 extiterit

320 1306 356 1366 ut
371 1302 470 1367 alium
484 1299 571 1368 domi
585 1308 702 1383 queret
717 1301 759 1366 ud
774 1301 973 1388 perdundum
990 1323 1063 1370 curn
1078 1311 1178 1388 sique
1188 1324 1247 1373 suo
1258 1305 1427 1390 dissipare

324 1411 353 1475 si
369 1405 612 1476 dominusdomi
628 1409 695 1493 eut,
698 1415 730 1475 ct
747 1429 857 1478 secum
871 1413 1066 1496 pugnauerit
1080 1412 1133 1477 uel
1143 1409 1352 1495 interfecerit,
1369 1415 1439 1481 lust

322 1513 498 1586 secondum
511 1517 619 1603 legem
634 1515 675 1584 de
691 1518 919 1602 eusginotious
941 1519 1044 1603 gladii
1060 1519 1250 1588 coniectum.
1278 1521 1313 1588 Si
1329 1528 1437 1588 cutem

323 1641 431 1691 comcs
446 1623 566 1691 ibidem
582 1624 778 1710 occubuerit,
800 1627 871 1693 sine
896 1629 1130 1712 compositione
1155 1629 1271 1696 iaceat.
1298 1628 1332 1696 Si
1360 1649 1438 1700 uero

321 1731 379 1800 ilie
394 1751 458 1798 non
474 1733 705 1819 superuenerit,
722 1729 879 1802 sed'suos
888 1736 1007 1802 milites
1031 1734 1162 1819 miserit,
1185 1744 1311 1806 contum
1327 1739 1438 1804 inuen-

321 1841 369 1908 cis
384 1847 557 1924 componat
570 1840 782 1908 incursionem.
1267 1869 1269 1872 ·

426 1948 461 2016 Si
476 1967 553 2016 uero
567 1949 659 2016 miles
675 1951 746 2033 quis
763 1952 878 2019 curtim
893 1953 945 2018 uei
961 1951 1087 2018 domum
1111 1953 1248 2021 citerius
1262 1952 1373 2020 militis
1389 1951 1438 2016 in·

321 2057 452 2138 usserit,
469 2056 524 2122 X
516 2059 662 2124 ruuencis
678 2059 871 2144 componat
863 2061 1082 2144 ruuusionem3
1099 2081 1127 2126 su
1118 2061 1288 2146 'uulgaris
1309 2061 1438 2143 quidem

245 2257 248 2265 Ι
320 2165 454 2233 citerius
469 2166 520 2231 sui
535 2165 650 2232 similis
666 2167 908 2238 mansiunculas
924 2167 1090 2252 inusserit,
1107 2169 1159 2234 V'
1151 2169 1297 2274 ruvencis
1327 2168 1436 2235 solunt

324 2267 549 2338 incursionem.

649 2431 856 2503 EXPLICIT
872 2435 957 2502 iiber
970 2434 1103 2522 primus.

744 2675 1006 2686 μ--ι--ι--ιι--ι

405 2912 587 3058 (sorori
617 2915 838 3058 Stephani
864 2917 1014 3058 iicgis
1039 2914 1358 3060 iiccrctorun)

757 3129 917 3202 (rrun
943 3131 1000 3204 ιι.)

429 3275 454 3342 1.
486 3273 545 3340 Dc
578 3273 742 3361 Reguli
773 3273 875 3343 dote
912 3275 965 3344 cd
995 3275 1257 3344 Ecclesiam.
1289 3271 1440 3344 DECEM

322 3383 399 3451 uilio
423 3383 597 3451 ecclesiam
621 3382 790 3470 edificent,
816 3387 912 3468 quom
939 3384 1064 3452 duobos
1090 3383 1213 3450 mensis
1237 3367 1439 3469 totidemque

321 3491 495 3576 mancipiis
511 3491 630 3577 dotent,
647 3513 732 3578 equo
748 3501 782 3561 ct
796 3493 949 3576 iumento,
976 3511 1034 3559 sex
1050 3492 1156 3560 bubus
1173 3498 1205 3558 et
1220 3491 1348 3559 duabus
1366 3509 1440 3558 vuc

326 3601 383 3682 cis,
404 3597 504 3666 XXX
518 3601 648 3666 minutis
663 3601 797 3686 bestiis3
813 3602 1095 3668 uestimentoucro
1115 3607 1147 3665 ut
1158 3601 1359 3685 coopertorio
1371 3601 1441 3666 Rex

323 3707 512 3795 promicat,
529 3708 753 3794 presbyterum
769 3717 803 3776 ct
819 3709 918 3776 libros
935 3709 1098 3796 Episcopi.

427 3811 550 3880 ILDc
573 3817 926 3884 successoribus
946 3817 1167 3902 regalium
1192 3813 1439 3882 beneficio

316 3941 418 3990 rum.
456 3919 688 3990 (iouscnsimus⁴
709 3925 806 4008 igitur
829 3925 1100 4012 petitioniootius
1117 3923 1268 4005 Senatus,
1294 3929 1330 3988 ut
1344 3941 1441 3988 unus-

324 4031 461 4116 quisquc
476 4031 675 4117 propriorum
691 4031 786 4098 simul
801 4039 835 4099 ct
854 4031 1009 4099 donorum
1026 4031 1124 4118 Regis
1150 4030 1339 4116 dominetur,
1363 4031 1439 4096 dum

323 4137 413 4224 uiuit,
423 4137 656 4226 exceptoquod
671 4139 715 4205 od
730 4139 961 4226 Episcopatum
977 4141 1114 4225 pertinet
1132 4149 1164 4205 et
1181 4137 1385 4220 comitatum,
1400 4155 1441 4202 so

323 4253 396 4333 post
410 4249 479 4314 eius
496 4249 598 4315 uitam
613 4246 671 4314 iiiii
685 4248 783 4315 simili
801 4247 941 4315 dominio
967 4249 1154 4315 succedunt.
1178 4247 1252 4314 Noc
1267 4265 1325 4333 pro
1341 4245 1440 4314 ullius

324 4369 427 4422 causo
441 4363 551 4425 rectus
582 4356 810 4425 detrimentum
834 4357 988 4424 bonorum
1020 4375 1150 4424 suorum
1182 4356 1326 4443 patiatur
1356 4353 1441 4441 quis,

323 4461 387 4530 nisi
402 4463 590 4531 consiliatus
606 4473 741 4532 mortem
753 4465 853 4550 Regis
863 4463 1135 4534 uuttrcditionem
1150 4463 1255 4546 Regni
1271 4461 1376 4544 suerit,
1389 4463 1444 4528 vei

324 4569 357 4635 in
373 4569 471 4635 olium
488 4569 604 4652 fugerit
619 4573 834 4658 prouinciam
853 4575 929 4638 tunc
940 4591 1022 4648 ‚ucro
1042 4571 1128 4639 bonu
1152 4571 1239 4638 iliius
1256 4571 1289 4637 in
1305 4569 1442 4656 Regiam

326 4679 460 4748 ueniunt
475 4683 670 4766 potestatem
705 4681 765 4747 rist
785 4679 887 4762 siquis
912 4679 945 4745 iu
971 4679 1105 4746 consilio
1132 4677 1232 4762 Regis
1248 4678 1361 4745 mortis
1385 4679 1443 4740 tut
