3198 5058
169 977 229 1045 IX
240 975 374 1068 Gerpelp
384 983 478 1068 pdpa
487 979 612 1046 Felice
628 979 723 1066 lovap
737 977 826 1065 ellac,
843 981 880 1045 lo·
892 1001 913 1044 a
923 981 1154 1067 poomclulma'
1162 985 1295 1071 apdtadp

300 1089 409 1176 ιφὀςμιίι
424 1091 456 1153 ce
463 1090 624 1176 jdssdput't
641 1087 840 1176 lctorpottc,
856 1089 1041 1154 intdzkeds‘lr.
1059 1089 1157 1156 1234.

276 1263 455 1352 Gregorius
478 1266 662 1354 Episcopus
686 1286 801 1336 semus
826 1285 994 1336 seruorum
1016 1268 1081 1336 Dei
1112 1227 1296 1336 venerabili

168 1373 262 1442 lralri
278 1419 286 1438 .
304 1421 312 1439 .
330 1423 338 1440 .
364 1375 529 1461 Episcopo
553 1375 714 1444 Nitriensi
739 1380 773 1440 et
788 1375 919 1444 dilectis
933 1375 1010 1444 lillis
1028 1423 1036 1442 .
1053 1421 1060 1442 .
1078 1425 1087 1442 .
1112 1377 1237 1447 Abbati
1253 1374 1295 1440 de

141 1492 147 1503 ‘
168 1477 1296 1571 Subro(Zebcr)et...ArchidiaoonodeTyrinchen('lrencsin)Stri-

168 1589 337 1677 gonieusis
353 1597 386 1659 et
400 1592 576 1660 Nitriensis
590 1591 780 1661 Diocesium
797 1591 937 1660 salutem
953 1597 986 1660 et
1000 1592 1224 1678 Apostolicam
1240 1594 1295 1660 be-

168 1697 398 1766 nedictionem.
415 1699 466 1766 Ex
482 1707 579 1786 parte
595 1701 786 1768 dilectorum
801 1699 937 1768 liliorum
950 1749 957 1766 .
969 1747 997 1770 ..
1014 1700 1154 1768 Abbatis
1170 1709 1202 1769 et
1212 1702 1295 1770 Gon·

169 1812 288 1874 uentus
303 1805 495 1894 Mouasterij
508 1809 623 1878 Sancti
632 1809 768 1876 Martini
783 1809 824 1876 de
834 1810 1004 1876 Pannonia
1020 1807 1079 1875 luit
1094 1811 1295 1897 propositum

169 1905 282 1985 oortm
296 1913 412 1997 nobis,
437 1915 524 2000 quod
540 1935 611 1984 cum
628 1917 693 2002 ipsi
708 1917 891 1982 Fabianum
906 1917 1041 1983 militem
1056 1917 1294 2003 strigoniensis

169 2019 322 2090 Diocosis
346 2041 444 2108 super
468 2041 527 2108 eo,
553 2023 639 2107 quod
664 2023 841 2092 ecclesiam
866 2023 979 2092 Sancti
995 2023 1155 2109 Spiritus,
1179 2031 1294 2112 terrea,

170 2135 286 2216 prata,
303 2130 511 2216 molendina,
527 2149 679 2210 nemora,
698 2139 830 2214 seruos,
847 2131 1005 2214 ancillas,
1022 2131 1149 2217 palatia
1158 2181 1167 2215 ,
1193 2139 1226 2198 et
1241 2152 1295 2200 res

169 2239 255 2304 alias
271 2237 315 2304 ad
330 2255 442 2305 eorum
459 2238 691 2306 llcnasterium
707 2239 906 2326 pertinentes
923 2245 1036 2306 contra
1059 2238 1225 2307 iusticiam
1240 2240 1295 2308 de·

170 2343 313 2430 tinebat,
338 2351 414 2434 post
437 2348 549 2416 uarias
571 2347 815 2416 commissiones
831 2347 876 2413 ad
891 2349 1040 2415 diuersos
1055 2342 1181 2414 iudices
1196 2349 1295 2435 impe-

68 2533 79 2551 .
170 2457 275 2522 natas
291 2472 401 2522 coram
415 2455 454 2521 ll.
471 2453 680 2524 Subdiacono
696 2463 826 2536 nostro,
852 2457 905 2522 cui
923 2463 1001 2523 tune
1016 2457 1050 2524 in
1068 2455 1215 2540 Vngaria
1230 2457 1296 2524 exi·

73 2556 77 2565 '
172 2561 270 2628 alenti
285 2581 421 2632 cansam
436 2563 620 2634 huiusmodi
635 2585 656 2632 e
672 2564 766 2632 nobis
776 2563 945 2632 obtinuere
956 2565 1123 2647 committi,
1135 2571 1169 2632 et
1179 2563 1297 2634 deindo
1340 2591 1351 2604 ⁵

172 2685 282 2736 coram
305 2671 487 2738 venerabili
510 2673 614 2742 fratre
638 2681 749 2741 nostro
766 2723 774 2739 .
792 2719 825 2736 .·
849 2672 1039 2740 Prenestine
1066 2675 1232 2760 Episcopo
1263 2673 1297 2740 iu

172 2777 320 2860 partibus
330 2779 398 2845 illis
408 2779 588 2865 legacionis
598 2779 706 2847 officio
723 2781 880 2864 fungente
896 2780 1091 2848 auctoritate
1106 2781 1298 2867 Apostolica

172 2885 420 2980 conuenissent,
436 2893 469 2953 et
483 2888 571 2955 idem
588 2888 685 2956 miles
701 2888 735 2954 in
750 2887 855 2974 ipsius
871 2888 989 2974 Legati
1004 2888 1170 2974 presentia
1185 2909 1296 2976 recog-

172 3010 310 3060 noscens
326 2993 369 3059 ud
385 2995 618 3064 llcnaslerium
634 2997 800 3082 pertinere
817 2996 975 3081 predicta,
1003 3003 1036 3064 et
1059 3000 1196 3083 prestito
1211 3001 1297 3066 iura·

171 3108 279 3168 mento
295 3103 486 3186 promittens
504 3125 545 3171 ea
560 3105 625 3191 ipsi
639 3106 832 3190 restituere,
858 3125 899 3171 ac
923 3123 987 3170 non
1012 3107 1189 3172 molestare
1214 3105 1296 3172 illud

172 3206 214 3273 de
229 3215 338 3276 cetero
354 3231 453 3297 super
469 3213 551 3297 ipsis
566 3213 635 3280 lata
652 3213 694 3280 de
710 3215 878 3279 uoluntate
904 3229 963 3279 sna
987 3232 1046 3298 per
1072 3212 1211 3279 eundem
1236 3215 1296 3280 Le·

172 3321 283 3400 gaium
299 3321 643 3389 excommunicationis
660 3321 822 3388 sententie
836 3319 870 3384 in
887 3317 1034 3400 eundem,
1051 3320 1081 3386 si
1096 3329 1209 3387 contra
1223 3341 1295 3406 pre·

171 3425 273 3492 missa
288 3427 434 3511 ueniret,
451 3430 585 3498 tandem
601 3429 677 3498 licet
692 3447 733 3496 ea
749 3425 925 3494 restituerit
939 3433 1116 3494 memorato
1132 3428 1296 3496 lionaste·

171 3531 236 3616 rie,
264 3537 469 3620 postmodum
493 3543 604 3605 temen
629 3537 788 3621 religione
803 3535 977 3603 iuramenti
993 3539 1026 3602 et
1041 3535 1206 3603 sententia
1220 3537 1296 3622 ipsa

172 3643 378 3730 contemptis,
395 3644 487 3730 ipsos
502 3665 602 3734 super
614 3647 712 3713 rebus
724 3645 849 3712 eisdem
858 3645 1254 3732 multipliciteraggrauat
1264 3649 1297 3710 et

171 3751 337 3836 molestat,
349 3753 455 3838 captis
465 3753 634 3822 monachis
645 3759 677 3823 et
687 3753 855 3822 conuersis
871 3751 1017 3820 eiusdem
1028 3751 1217 3837 monasterij
1229 3755 1296 3820 exi·

171 3859 334 3928 alentibus
350 3857 385 3926 iu
400 3861 481 3930 locis
498 3861 664 3949 predictis,
681 3863 863 3930 uolneratis
879 3861 986 3929 seruis
1003 3879 1124 3947 eorum,
1135 3867 1170 3927 et
1180 3859 1296 3944 quibus

173 3963 248 4032 dam
259 3965 397 4036 edificiis
407 3969 598 4038 Monasterii
610 3991 649 4038 ac
660 3969 810 4038 domibus
823 3967 1039 4054 quorumdam
1050 3988 1179 4036 sucrum
1196 3969 1296 4036 homi-

173 4093 248 4141 uum
258 4075 411 4144 incendio
421 4078 611 4146 deuastatis.
622 4081 764 4163 Ideoque
774 4079 962 4146 discretioni
972 4085 1080 4146 uestra
1092 4095 1150 4162 per
1158 4077 1297 4162 Aposto-

171 4180 583 4271 lieascriptamaudamus,
601 4187 765 4274 quatinus,
783 4187 812 4254 si
822 4187 937 4274 celita,
948 4187 1087 4254 eandem
1099 4185 1296 4254 sententiam

90 4293 92 4296 ’
174 4290 390 4379 publicantes,
408 4294 533 4363 seruari
551 4317 625 4365 eam
640 4315 743 4379 usque
760 4297 804 4363 ad
819 4295 1078 4365 satisfactionem
1090 4293 1297 4380 condignam,

174 4399 257 4468 sicut
275 4403 514 4471 rationabiliter
523 4411 574 4474 est
583 4406 723 4491 prolata,
733 4404 861 4471 sublato
877 4403 1109 4490 appellationis
1124 4403 1296 4471 obstaculo

178 4505 318 4592 iacietis,
330 4533 465 4598 eumque
480 4512 720 4600 nichilominus,
732 4515 760 4582 si
776 4513 818 4579 de
834 4511 1018 4579 huiusmodi
1035 4511 1186 4597 captione
1201 4510 1298 4578 uobis

177 4625 357 4691 constiterit
365 4674 374 4710 ,
391 4621 517 4690 tamdiu
533 4622 753 4711 appellatione
769 4628 895 4689 remota
911 4618 1222 4688 excommunicatum
1237 4637 1296 4710 pu·
