3214 5066
826 779 907 864 ria.

383 976 413 1042 A
427 979 517 1065 pyo'n·
531 978 686 1064 kdptulcm
702 977 774 1042 eldtt
788 977 886 1041 toccu
900 975 1082 1062 bardtedqoe
1095 977 1240 1062 epyecstp.
1258 975 1371 1040 1223,

423 1159 461 1224 In
477 1157 742 1230 nomine.Sancto
757 1157 927 1244 Trinitatis
943 1162 977 1222 et
991 1153 1162 1222 individue
1182 1152 1347 1220 Unitatis'
1366 1153 1429 1220 Ga·
1468 1231 1471 1248 Ι

314 1265 450 1352 pitulum
465 1265 654 1331 Geuriense.
684 1264 849 1349 Omnibus,
866 1267 984 1350 quibus
998 1261 1166 1350 presentes
1181 1261 1275 1330 litere
1291 1259 1427 1346 legende

264 1363 275 1396 '¹
313 1374 518 1456 occurrerint,
534 1372 682 1458 salntem,
699 1383 731 1440 et
747 1375 910 1441 orationes
925 1376 958 1440 in
974 1372 1122 1439 Domino.
1141 1371 1219 1440 sum
1235 1371 1358 1438 veritas
1367 1387 1427 1454 per

313 1479 509 1548 oblivionem
526 1481 635 1574 sepius
651 1482 808 1548 occultari
823 1481 938 1565 soleat,
955 1498 1092 1548 renense
1110 1485 1168 1563 est,
1185 1485 1295 1561 uteo,
1312 1477 1424 1560 quein

311 1567 650 1674 presentia‘bonordm
664 1587 829 1655 hominnm
844 1595 1008 1673 geruntur,
1025 1587 1114 1654 secli
1129 1587 1296 1654 literamm
1307 1603 1426 1650 memo·

310 1697 359 1764 rie
384 1695 652 1764 commendentur.
677 1696 761 1781 Hinc
777 1697 863 1780 quod
878 1699 912 1763 in
924 1698 1075 1764 notitiam
1091 1696 1313 1762 universorum
1330 1692 1426 1762 deve·

311 1805 381 1872 nire
398 1806 541 1890 cupimus
550 1852 560 1888 ,
587 1805 673 1889 quod
697 1805 837 1895 Michael
852 1805 1026 1872 monachus
1040 1804 1192 1871 Ecclesie
1208 1801 1322 1870 Sancti
1336 1800 1426 1868 Mar-

319 1913 375 1997 ini,
394 1921 427 1980 et
442 1915 553 1980 Simon
570 1912 717 1998 ejusdem
727 1913 875 1996 Ecclesie
891 1914 1006 1980 (lomes
1023 1912 1163 1980 Ourialis
1181 1931 1221 1978 ex
1237 1929 1302 1976 una
1317 1915 1424 1995 perte,

309 2027 343 2086 et
358 2022 504 2088 Endreus
518 2023 603 2088 filius
620 2019 789 2088 Nicodemi
805 2021 997 2104 Jobagionis
1014 2021 1055 2086 de
1069 2021 1272 2105 Soulgageur,
1288 2017 1329 2084 de
1344 2017 1426 2086 villa

309 2129 442 2198 Theneu
459 2147 501 2197 ex
516 2132 621 2197 altera
636 2131 679 2198 ad
696 2150 756 2198 nos
771 2130 964 2197 accedentes
979 2131 1101 2216 pariter
1110 2131 1325 2212 asseruerunt,
1337 2123 1426 2210 quod
1494 2139 1506 2158 ·

309 2258 380 2304 cum
396 2238 509 2305 Abbas
524 2257 633 2304 eornm
659 2245 692 2304 et
717 2239 753 2304 E.
778 2237 941 2324 predictus
957 2259 1015 2322 pro
1031 2236 1223 2321 quibusdam
1241 2235 1425 2304 hominihus

307 2347 402 2414 Petro
418 2345 572 2414 videlicet
581 2396 590 2430 ,
617 2355 651 2414 et
682 2345 785 2414 Paulo
801 2347 856 2414 diu
872 2344 1132 2428 contendissent,
1157 2345 1303 2432 predicto
1320 2345 1358 2411 Ε.
1374 2345 1425 2410 di-

308 2458 401 2520 cente
417 2469 472 2520 eos
489 2472 563 2520 esse
579 2473 654 2520 snos
674 2472 785 2520 servos
795 2503 804 2537 ,
830 2454 959 2520 Abbate
980 2473 1057 2519 vero
1074 2471 1092 2518 e
1109 2451 1273 2519 contrario
1291 2451 1423 2518 eosdem

307 2562 348 2629 de
363 2563 488 2630 familia
502 2563 649 2630 Ecclesie
665 2583 722 2630 sne
739 2581 812 2630 esse
828 2568 1016 2646 asserente,
1034 2569 1067 2628 et
1082 2583 1140 2648 per
1156 2561 1311 2628 iudicium
1326 2561 1424 2628 Nino

278 2671 353 2737 .tei
367 2677 445 2737 tunc
461 2673 586 2739 comitis
602 2671 744 2739 Palatini
769 2672 813 2738 ed
840 2677 1002 2738 certamen
1028 2670 1128 2736 duelli
1152 2670 1233 2738 inire
1257 2669 1423 2752 deberent,

305 2777 437 2844 tandem
453 2779 486 2845 in
501 2779 586 2847 hunc
602 2777 731 2846 modum
748 2784 975 2860 convenerunt,
988 2785 1023 2844 ut
1037 2777 1152 2845 Abbas
1169 2777 1321 2860 quimqne
1336 2795 1420 2840 mar-

306 2904 363 2952 ces
379 2888 506 2971 argenti
521 2907 579 2972 pro
597 2887 752 2973 predictis
771 2886 954 2953 hominibus
971 2887 1076 2953 eidem
1092 2887 1130 2950 Ε.
1147 2885 1299 2968 solueret,
1324 2890 1355 2952 et
1371 2901 1422 2956 su-

307 3013 367 3080 pra
382 2995 550 3062 memorati
566 2995 711 3061 homines
732 2995 864 3076 Petrus,
891 3001 923 3060 et
947 2993 1068 3059 Paulus
1093 2991 1127 3057 in
1151 3009 1246 3058 usum
1270 2991 1421 3057 Ecclesie

303 3103 415 3169 Sancti
430 3102 562 3194 Martini
584 3101 737 3168 cederent
762 3101 795 3168 in
821 3105 1030 3187 perpetuum,
1056 3097 1143 3183 quod
1168 3105 1200 3164 et
1223 3099 1420 3166 factumest

302 3211 390 3294 Nam
414 3211 447 3275 in
471 3211 635 3296 presentia
660 3215 772 3276 nostra
796 3207 971 3274 monachus
997 3215 1030 3274 et
1053 3207 1165 3275 Simon
1191 3207 1329 3292 predicti
1343 3206 1420 3272 illes

305 3318 445 3402 quinque
468 3337 595 3385 marcas
620 3317 785 3405 sepedicto
802 3317 839 3383 E.
856 3318 1089 3403 persolverunt.
1122 3314 1166 3381 Ut
1189 3323 1298 3381 antem
1323 3333 1420 3400 super

300 3425 351 3492 his
367 3427 531 3510 predictus
547 3426 695 3494 Endreus
720 3446 780 3512 per
802 3425 930 3510 lapsum
946 3423 1100 3509 temporis
1118 3423 1261 3506 aliquem
1277 3423 1421 3506 questio·

176 3598 179 3606 ,
270 3553 274 3564 ·
300 3553 375 3600 nem
390 3537 443 3602 vel
459 3535 675 3622 calumpniam
692 3541 806 3602 contra
820 3533 981 3626 Abbetem
997 3531 1106 3598 iacere
1120 3551 1185 3597 non
1203 3531 1333 3620 possit,
1348 3533 1420 3598 lite·
1498 3597 1502 3604 ,

300 3661 355 3709 res
371 3643 471 3728 sigilli
486 3643 590 3710 nostri
604 3643 817 3728 impressione
833 3641 975 3708 menites
994 3639 1153 3706 dedimus.
1185 3639 1278 3706 Anno
1304 3637 1414 3706 Incar-

298 3751 440 3818 nationis
455 3751 625 3818 Dominice
635 3751 807 3818 millesimo
818 3749 1037 3816 ducentesimo
1064 3747 1220 3834 vigesimo
1230 3747 1421 3814 tertioaePre·

263 3877 266 3884 ’
298 3859 447 3931 tercado
462 3861 580 3942 tertio,
604 3859 733 3954 nomine
758 3859 931 3944 Karasini,
959 3847 1013 3941 qui
1032 3857 1081 3924 eis
1099 3855 1261 3922 affinitate
1277 3859 1419 3938 tenetur,

285 3968 379 4056 'sepe
399 3972 600 4035 memoratus
627 3967 664 4032 Ε.
690 3967 855 4048 confessus
880 3971 949 4054 est,
975 3964 1062 4052 quod
1076 3963 1207 4050 penitus
1221 3963 1304 4030 liber
1319 3961 1362 4030 ab
1378 3980 1419 4028 eo

299 4077 468 4164 exstiterit,
488 4097 549 4148 nec
563 4077 630 4146 nlla
646 4078 811 4146 seruitutis
826 4084 905 4146 nota
922 4076 954 4143 ei
968 4081 1147 4142 teneretur.

333 4255 372 4329 (Δ
385 4254 598 4317 scens-mtrtcni
612 4252 765 4329 idepdtsdg
777 4251 976 4314 levdltdrdban
988 4250 1055 4310 levo
1070 4249 1178 4326 eredeti
1192 4247 1261 4342 stan
1275 4249 1382 4319 duct)

757 4381 760 4386 '
1086 4363 1118 4426 0

771 4513 984 4528 —ffl
