3214 5066
664 789 728 880 'sn

184 989 221 1078 d)
238 992 320 1063 Sede
334 1001 418 1061 edint
432 993 505 1080 pira
512 991 696 1080 jbcedolmit
713 989 803 1063 Orati
817 991 962 1058 veronae
977 992 1215 1104 bedeonecuse.

252 1173 418 1250 Hunccine
444 1173 625 1258 Episcopus
650 1177 712 1239 etc.
743 1169 871 1242 dilectis
902 1171 978 1242 liliis
995 1225 1005 1244 .,
1020 1222 1028 1240 .
1046 1220 1054 1238 .
1071 1223 1079 1240 .
1095 1175 1251 1262 Magistro

145 1287 177 1348 ct
191 1280 348 1348 iratribus
362 1283 486 1349 Domus
515 1279 696 1365 Hospitalis
725 1279 989 1350 ierosolimitsne
1020 1283 1160 1362 salutem
1190 1289 1252 1352 ete.

143 1390 244 1459 luetis
260 1389 438 1476 petentium
454 1395 517 1457 etc.
532 1391 715 1476 Enpropten
731 1394 792 1456 cte.
809 1375 959 1457 Auuncm
977 1397 1104 1458 centum
1119 1386 1248 1458 'maroc-

144 1516 212 1564 rum
228 1498 357 1584 argenti
371 1497 533 1567 redditum
559 1499 655 1565 vobis
687 1497 729 1564 cd
745 1517 825 1584 opus
856 1499 1025 1566 castellani
1055 1504 1088 1564 et
1101 1499 1104 1506 '
1118 1499 1269 1576 eliorum,

145 1602 282 1672 fratrum
312 1611 490 1674 vestrorum
506 1603 755 1677 custodientium
787 1611 929 1674 castrum
959 1611 1123 1692 vestrum,
1170 1605 1256 1691 quod
1299 1625 1304 1636 ’

144 1710 232 1779 Grati
249 1712 373 1798 dicitur,
391 1714 609 1783 cKsrissimc
626 1715 660 1780 in
676 1715 804 1781 Christo
827 1713 894 1782 illio
919 1720 1030 1780 nostro
1055 1713 1188 1782 Andrus
1212 1716 1260 1804 Il-¹

142 1821 237 1888 lustri
251 1821 340 1904 Rege
357 1823 528 1910 Hungcrie
544 1823 585 1889 de
601 1823 809 1910 proventibus
826 1823 943 1889 salium
968 1819 1098 1890 suornm
1121 1824 1154 1888 in
1179 1824 1255 1890 Sco·

146 1926 259 1995 lesche
273 1930 331 2014 pia
346 1929 544 1998 liberalitate
556 1937 559 1949 ¹
572 1949 771 2016 concessum,
788 1930 872 1996 siout
886 1929 976 1996 illum
992 1930 1076 1998 inste
1100 1949 1140 1997 cc
1164 1930 1255 2016 paci·

144 2032 203 2100 icc
221 2035 386 2121 obtinetis,
403 2043 435 2104 ct
449 2039 483 2104 in
500 2039 646 2106 ciusdem
662 2039 761 2123 Regis
775 2038 892 2104 litteris
908 2039 1035 2124 plenius
1061 2036 1253 2122 continetur,
1328 2087 1330 2094 ,

114 2221 118 2231 Ι
144 2141 237 2212 vobis
253 2149 287 2212 et
300 2163 359 2229 per
375 2163 433 2212 vos
447 2145 689 2240 Domuitvcstrc
705 2144 899 2214 auctoritate
926 2146 1116 2230 Apostoliee
1141 2144 1255 2213 confir·

144 2269 269 2319 mamus
285 2257 318 2319 ct
332 2254 490 2338 presentis
504 2255 616 2342 scripti
632 2255 811 2343 patrocinio
827 2255 1069 2322 communimus.
1086 2253 1138 2340 Ad
1154 2243 1254 2321 meio-

144 2377 211 2425 rem
225 2365 334 2424 autem
351 2358 398 2426 rci
423 2359 621 2429 evidentium
650 2368 793 2430 tenorem
824 2361 1003 2430 litterarum
1032 2362 1187 2446 ipsarum
1211 2361 1253 2429 de

144 2462 244 2533 uerbo
257 2467 442 2534 adverbum
452 2467 601 2539 iussimus
616 2471 825 2556 presentibus
837 2467 1004 2556 annotari;
1021 2470 1076 2554 qui
1091 2469 1169 2538 telis
1187 2476 1256 2537 cst:

144 2623 510 2700 (11.Endrekirtly1217-ki
520 2607 684 2703 clrmtnydt
695 2631 770 2702 mely
781 2627 949 2688 kbvetkenik
963 2629 981 2685 l.
994 2627 1097 2686 ienebb
1110 2611 1153 2686 tl.
1164 2647 1203 2689 er.
1217 2628 1257 2700 c.)

251 2773 343 2840 Nulli
357 2792 435 2861 crgo
452 2781 515 2846 etc.
532 2782 640 2844 nostre
655 2775 908 2846 confirmationis
932 2777 1109 2864 infringere
1133 2783 1194 2844 ete.
1219 2776 1257 2845 Si

146 2879 221 2964 quis
237 2887 346 2950 eutem
362 2887 422 2951 etc.
437 2882 559 2954 Datum
574 2887 730 2956 Laterani
749 2887 786 2955 V.
817 2887 892 2954 Kal.
922 2887 1010 2971 tulii,
1041 2883 1255 2954 Pontificatus

145 2989 248 3058 nostri
260 3009 349 3078 nnnc
364 2991 516 3075 secundo.

234 3183 1148 3263 (fflflomnuptpcssegunibolnnemerie.m.1.k.1t.1.).
