3214 5066
805 203 809 209 ’
873 227 937 320 rto
1038 341 1040 344 Α

272 429 279 444 ’
348 440 441 504 bren.
467 438 509 503 Vt
524 442 633 502 autem
648 436 845 520 inposterum
862 433 1045 501 memoriter
1061 433 1166 499 teneri
1184 433 1304 518 possit,
1328 433 1459 502 litteras

347 563 443 630 super
459 543 519 608 lroo
537 543 638 628 sigilli
653 543 754 609 nostri
764 543 965 630 inpressione
976 541 1115 608 munitas
1126 540 1354 610 darifeoimus.
1364 543 1462 608 Anno

346 653 389 756 ab
405 651 638 719 Incarnaoione
653 651 784 719 Domini
798 649 992 718 MCOXXII.

506 827 647 898 (Etruscis
660 844 678 883 a
691 823 1296 932 ssent-mertoni'ftaplnlgreverteretur.)
1396 907 1399 912 Δ

194 1215 337 1324 ,οὐκ

867 1332 943 1398 llo.

341 1475 410 1580 ΠΙ.
427 1495 688 1598 Hoeodos‘pupa
702 1511 854 1598 Maspitot
863 1562 873 1592 ,
889 1511 1178 1598 borrstaote'odpolyi
1192 1512 1377 1594 csdozdrnet,
1395 1508 1459 1574 ΙΙΙ.

318 1673 325 1687 ,
346 1621 427 1688 Bc'lu
441 1643 573 1708 mappas·
589 1619 694 1706 tiroly
710 1622 837 1706 ieoeyor
847 1643 886 1686 az
896 1622 1030 1708 apostoli
1045 1620 1114 1715 ezelo
1130 1619 1256 1712 kbldoslb
1264 1617 1460 1707 pdrts'ogdea

759 1728 815 1792 ald
829 1730 919 1794 oeszi.
936 1730 1033 1793 1223.

450 1909 609 1977 Honorius
626 1895 805 1994 Episcopus
822 1927 935 1975 servus
951 1926 1113 1976 servornm
1124 1915 1185 1974 eto.
1196 1905 1314 1974 dilecto
1324 1907 1358 1972 in
1368 1903 1459 2002 Chri-

193 2031 211 2056 ⁹
345 2025 396 2085 sto
421 2016 486 2083 filie
511 2027 620 2083 nostre
646 2017 688 2081 bl.
706 2013 867 2099 quondam
882 2017 1083 2102 imperatrici
1099 2014 1459 2100 constantinopolitane

344 2126 464 2193 Illustri
479 2126 617 2194 salutem
632 2132 665 2190 et
680 2125 900 2210 Apostolicam
917 2125 1184 2193 benedictionem.
1209 2124 1299 2191 Solet
1314 2142 1459 2190 annuere

345 2241 404 2300 eto.
422 2233 611 2318 llapropter,
628 2231 748 2298 dilecta
763 2232 796 2298 in
807 2233 933 2321 (ibristo
949 2233 1027 2318 lilia,
1044 2233 1107 2300 tuis
1123 2233 1215 2300 iustis
1231 2231 1459 2320 postulationi·

343 2343 404 2407 bus
427 2349 521 2423 grato
547 2351 775 2408 concurrentes
803 2360 940 2410 assensu
950 2390 959 2424 ,
976 2363 1148 2428 personam
1164 2349 1254 2410 tuam
1270 2361 1342 2406 eum
1358 2341 1458 2405 omni-

344 2452 423 2530 bus,
441 2465 504 2531 que
518 2447 800 2533 impresentiarum
816 2449 1053 2516 rationabiliter
1068 2449 1236 2536 possides,
1252 2455 1310 2514 aut
1324 2449 1357 2513 in
1374 2445 1458 2513 futo-

343 2577 413 2623 rnm
429 2557 523 2624 iustis
537 2557 652 2643 modis,
660 2565 828 2642 prestante
838 2561 986 2644 Domino,
997 2561 1120 2645 poteris
1130 2559 1279 2646 adipisci,
1290 2559 1350 2624 snb
1361 2555 1457 2623 Beati

344 2667 432 2731 Petri
447 2675 479 2730 et
495 2672 608 2732 nostra
623 2667 819 2750 protectione
835 2661 1048 2753 suscipimus:
1075 2667 1260 2756 specialiter
1276 2673 1387 2734 autem
1404 2684 1456 2731 oa-

344 2779 444 2840 strum
469 2773 569 2841 Kewe
593 2795 665 2840 oum
689 2781 754 2842 toto
779 2777 958 2859 Comitem,
974 2776 1170 2862 redditibus,
1196 2775 1409 2861 dignitatibus
1425 2778 1458 2837 et

264 2909 268 2912 ·
343 2882 552 2966 proventibus
567 2885 653 2968 suis,
670 2881 779 2950 Varod
794 2903 941 2970 quoque,
958 2886 1099 2970 Perben,
1117 2887 1260 2954 (lemano
1276 2891 1309 2949 et
1323 2883 1457 2964 Zilaeng

346 3008 418 3056 enm
434 2988 531 3073 villis,
548 2991 650 3074 silvis,
668 2991 781 3075 vineis,
798 2992 959 3077 piscariis,
975 2995 1079 3061 serris
1096 3000 1128 3060 et
1143 2991 1283 3071 ancillis,
1294 2987 1455 3056 etceteris

280 3123 284 3129 ·
344 3098 553 3184 pertinentiis
563 3100 650 3186 snis;
674 3101 798 3185 Regale
813 3101 955 3188 ¹insuper
973 3103 1139 3188 predium,
1163 3101 1250 3186 quod
1267 3097 1374 3186 Elyad
1387 3097 1457 3184 unl-

344 3205 467 3290 gariter
491 3209 695 3294 appellatur,
720 3227 791 3284 oum
815 3207 994 3277 redditibus
1011 3217 1044 3278 et
1058 3211 1268 3296 proventibus
1284 3205 1370 3290 snis;
1395 3223 1456 3271 nec

342 3333 408 3381 non
423 3321 455 3380 et
470 3315 537 3384 alia
551 3315 615 3382 tria
630 3316 663 3381 in
679 3313 894 3384 Bachaoiensi
909 3319 1076 3402 provincia
1092 3319 1287 3400 constituta,
1303 3312 1458 3381 videlieet

344 3421 443 3508 Soya,
460 3422 559 3491 Gurtb
575 3431 609 3492 et
622 3425 766 3492 Mirislou
783 3427 1071 3512 compertinentiis
1088 3427 1155 3494 suis
1164 3476 1173 3511 ‚
1190 3444 1253 3509 que
1268 3423 1310 3489 dc
1325 3439 1456 3490 conoes-

343 3530 434 3597 sionc
449 3529 616 3600 kanssimi
639 3535 673 3600 in
698 3532 824 3602 christo
850 3533 909 3600 filii
932 3535 1034 3604 nostri
1053 3533 1184 3602 Andree
1199 3532 1340 3601 Illustris
1355 3529 1456 3614 Regis

343 3637 497 3724 Ungarie,
513 3637 622 3709 fratris
638 3641 702 3724 tni,
727 3647 760 3707 te
783 3641 928 3727 legitimo
943 3644 1096 3730 proponis
1111 3645 1283 3729 adeptam,
1307 3640 1391 3706 sient
1416 3657 1457 3704 ea

344 3749 453 3814 omnia
467 3747 550 3814 iuste
565 3749 716 3833 possides
732 3753 764 3816 et
777 3751 895 3834 quiete,
912 3757 945 3816 et
960 3751 993 3816 in
1008 3749 1188 3837 priuilegiis
1202 3747 1345 3816 eiusdem
1355 3744 1456 3835 Regis

345 3855 463 3922 exinde
474 3855 629 3924 coniectis
640 3859 767 3942 plenius
780 3858 1189 3938 eontinentur,auctoritate
1198 3857 1257 3925 tibi
1266 3853 1457 3943 apostolica

343 3963 585 4049 confirmamus,
615 3975 648 4047 et
675 3967 838 4053 presentis
863 3967 974 4052 scripti
998 3968 1179 4057 patrocinio
1211 3965 1453 4034 communimus.

344 4073 434 4139 Nulli
443 4092 522 4158 ergo
532 4079 591 4140 eto.
601 4081 712 4140 nostre
727 4075 933 4162 protectionis
950 4084 982 4144 et
997 4075 1250 4145 confirmationis
1266 4071 1454 4158 infringere.

344 4179 378 4249 Si
394 4184 465 4265 quis
481 4187 587 4249 antem
603 4191 663 4250 eto.
694 4185 815 4251 Datum
830 4185 983 4254 Laterani
998 4185 1056 4252 ΙΠ.
1073 4185 1139 4253 kal.
1156 4183 1289 4270 Aprilis.
1322 4176 1454 4248 Pontili·

345 4296 437 4357 eatus
452 4290 554 4359 nostri
568 4311 654 4359 anno
670 4293 818 4380 septimo.

468 4466 532 4538 (ΠΙ.
546 4468 690 4526 Honorius
701 4469 778 4544 pdpa
789 4467 981 4542 Regestdibdl,
995 4471 1118 4528 Theiner
1130 4472 1169 4527 id.
1181 4489 1217 4529 m.
1231 4469 1275 4528 39.
1287 4468 1320 4540 Ι.)
