3234 5072
862 295 886 393 '4

792 429 947 440 u———n—

418 533 521 600 vnn.
544 527 722 622 romana.
786 481 788 493 ’

418 639 461 706 X.
489 639 540 706 De
556 636 782 705 obseruatione
798 632 865 700 IIII
880 639 1068 718 temporum.

415 745 476 814 XL
498 745 550 812 Dc
565 741 792 811 obseruatione
807 743 899 806 sexte
914 737 1005 803 ferie.

417 853 494 921 XII.
518 853 569 920 De
583 852 635 919 his
652 849 792 934 quisine
808 844 1009 914 consessione
1024 842 1210 911 moriuntur.

417 959 513 1026 XIII.
536 959 587 1024 De
604 953 808 1023 obseruanda
823 952 1074 1022 christianitate.

425 1047 532 1134 'xrm
557 1065 607 1132 no
621 1061 816 1131 homotona.

421 1173 494 1242 XV.
517 1174 568 1240 De
583 1170 634 1238 his
650 1169 705 1254 qui
721 1177 798 1238 suas
814 1187 930 1236 uxores
946 1166 1103 1234 occidunt.

421 1279 515 1350 XVI.
539 1277 590 1347 De
606 1277 836 1364 congiuntions
852 1275 961 1361 gladii.

421 1389 520 1456 XVII.
544 1389 594 1455 De
609 1385 758 1476 perjuris.

419 1495 542 1563 XVIII.
566 1497 617 1562 De
633 1493 770 1562 libertis.

420 1605 557 1672 XVIIII.
574 1605 625 1671 De
641 1607 797 1670 conuento
812 1599 855 1666 ad
870 1603 1050 1686 ecclesiam,
1067 1609 1100 1668 et
1115 1601 1156 1667 de
1168 1599 1218 1668 his
1228 1599 1428 1684 quimurmu
1478 1649 1481 1652 .

317 1717 391 1779 rant
405 1711 460 1780 rel
476 1712 623 1780 locuntur
639 1712 671 1776 in
688 1709 829 1776 ccclesia
843 1708 924 1776 hora
939 1711 1045 1776 misse.

420 1821 496 1888 XX.
520 1821 571 1886 De
586 1839 651 1885 non
665 1816 859 1904 recipiendis
884 1817 987 1884 seruis
1011 1817 1064 1884 vol
1088 1815 1217 1884 ancillis
1240 1817 1275 1882 in
1294 1833 1426 1883 accusa-

316 1929 404 1998 tione
420 1934 453 1994 ot
468 1927 652 1994 testimonio
668 1945 768 2014 super
783 1923 930 1992 dominos
945 1944 1021 1991 suos
1037 1927 1090 1990 vel
1105 1923 1261 1990 dominas.
1282 2003 1287 2012 1

422 2036 512 2103 XXI.
529 2030 580 2102 De
595 2035 647 2101 his
663 2034 718 2118 qui
734 2033 851 2102 alienis
868 2037 970 2100 seruis
987 2033 1169 2100 libertatem
1185 2039 1332 2114 querunt.
1386 2029 1395 2042 “

423 2143 532 2222 XXII.
557 2141 607 2208 De
621 2143 673 2209 his
689 2142 744 2226 qui
760 2140 880 2207 liberos
897 2141 929 2206 io
947 2140 1134 2208 seruitutem
1149 2139 1309 2224 redigunt.

426 2249 549 2316 XXIII.
573 2247 624 2313 De
640 2247 692 2314 his
708 2247 764 2330 qni
780 2249 916 2316 alterius
932 2247 1051 2314 milites
1067 2245 1130 2312 sihi
1145 2249 1271 2313 tollunt.

426 2356 566 2454 XXIIII.
590 2357 641 2422 De
656 2354 707 2421 his
722 2357 777 2439 qui
795 2357 928 2422 alterius
944 2356 1007 2422 sibi
1021 2355 1167 2442 hospites
1182 2355 1308 2420 tollunt.

429 2459 533 2530 XXV.
556 2464 607 2532 De
623 2460 705 2550 (his)
720 2465 774 2548 qui
792 2461 997 2550 flagellantur
1013 2483 1072 2534 sna
1088 2469 1291 2547 quaerentes.

428 2571 551 2642 XXVI.
573 2570 624 2637 De
639 2570 748 2637 uiduis
763 2578 796 2638 et
812 2573 978 2658 orphanis.

428 2679 565 2745 XXVII
589 2676 640 2744 De
656 2687 749 2764 raptu
763 2681 957 2766 puellarum.

430 2783 582 2850 XXVIII.
607 2784 658 2850 De
675 2783 908 2852 fornicantibus
924 2805 995 2850 oum
1012 2782 1141 2852 ancillis
1158 2783 1301 2852 alterius.

431 2890 600 2958 XXVIIII.
624 2890 676 2959 De
691 2893 742 2960 his
753 2891 814 2976 ‘qui
829 2899 945 2979 petunt
959 2893 1021 2960 sibi
1038 2893 1175 2960 ancillas
1190 2895 1224 2958 in
1239 2910 1367 2960 uxores.

431 2999 538 3066 XXX.
562 2998 678 3066 Dchis
694 3001 748 3086 qui
775 3007 866 3068 extro
890 3001 1034 3084 Regnum
1060 3019 1136 3067 suas
1161 2999 1288 3088 fugiunt
1310 3017 1437 3066 uxores.

431 3105 554 3172 XXXI.
577 3107 628 3173 De
644 3107 728 3174 furto
743 3109 920 3176 mulierum.
1006 3137 1011 3158 ·

432 3213 644 3310 xxxmms
659 3215 817 3288 incendiis
833 3217 1043 3286 mansionum.

434 3320 592 3389 XXXIII.
614 3322 664 3392 De
680 3323 801 3410 strigis.

434 3427 604 3498 XXXIIII.
629 3429 679 3498 De
695 3431 859 3500 melchoin.

433 3534 568 3604 XXXV.
594 3537 643 3606 De
659 3537 834 3607 inuasione
849 3538 1030 3606 domorum.

435 3643 461 3710 I.
485 3645 545 3710 De
567 3651 850 3714 staturarum
868 3643 1437 3724 ecclesiasticarquUIS·

330 3749 429 3830 QUls
443 3751 529 3818 fastu
543 3753 693 3839 superbio
709 3753 815 3822 elatos
830 3753 956 3822 domum
965 3753 1029 3820 Dei
1043 3752 1134 3821 ducit
1149 3752 1435 3839 contemptibilem,

333 3863 366 3924 st
380 3858 601 3944 possessiones
617 3859 689 3929 Deo
706 3849 922 3944 consecratas,
943 3869 1040 3946 atquc
1064 3860 1108 3929 ad
1132 3861 1284 3930 honorem
1300 3859 1363 3928 Dei
1379 3857 1440 3926 suh

333 3963 438 4052 Regia
454 3965 653 4036 inmunitatis
668 3965 857 4038 defensione
877 3971 1067 4038 constitutas
1091 3967 1258 4036 inhoneste
1281 3974 1441 4035 tractans·

233 4069 239 4078 ’
333 4073 377 4140 rit
391 4073 444 4141 rel
459 4072 636 4161 infringere
650 4079 900 4166 presumpserit,
924 4078 1019 4162 quasi
1039 4077 1172 4144 inuasor
1187 4081 1220 4144 et
1235 4074 1372 4142 uiolator
1387 4073 1444 4143 to·

335 4201 406 4249 mus
436 4181 490 4252 dei
519 4188 818 4254 excommunicetur.
856 4189 959 4256 Docet
989 4187 1107 4255 etenim
1137 4193 1173 4252 ut
1188 4184 1442 4269 indignationem

335 4287 437 4376 ipsius
453 4291 573 4360 domini
587 4294 688 4379 Regis
704 4295 834 4379 sentiat,
850 4295 940 4362 cuius
955 4293 1172 4362 benivolentis
1187 4299 1385 4380 contemptor
1409 4293 1443 4358 et

338 4397 573 4468 constitutionis
598 4389 819 4488 prenarioator
843 4403 958 4471 extitit.
989 4399 1225 4472 Niohilomiuus
1248 4407 1357 4470 tomen
1371 4400 1445 4468 Rex

337 4521 396 4570 ruo
412 4507 628 4574 concessionis
644 4509 867 4577 inmanitatem
883 4511 926 4577 ab
942 4509 1089 4577 omnibns
1105 4508 1236 4578 ditionis
1246 4529 1304 4578 sue
1314 4510 1444 4578 illesam

339 4613 522 4688 conservari
538 4615 704 4704 precipiat.
721 4621 898 4688 hasensnm
922 4637 1000 4688 nero
1025 4635 1088 4684 non
1111 4617 1248 4710 prebeat
1270 4617 1454 4706 improuide.
