3234 5072
902 840 935 906 1.

359 1017 540 1100 Zoor'rrr‘mir,
563 1016 689 1102 mriake‘p
711 1017 859 1089 Demeter.
877 1015 1124 1083 borodsdalmrit
1146 1015 1254 1103 kirclp
1268 1015 1394 1114 brozzo
1412 1015 1475 1082 sze'-

422 1135 472 1213 9et
494 1123 685 1232 lakosoirsok‘
702 1121 923 1241 bersskodolmi
944 1121 1191 1210 ezabodsdpoleul
1213 1123 1266 1188 oiri.
1291 1123 1387 1189 10⁷7.

545 1304 584 1370 In
599 1301 725 1371 nornine
740 1302 863 1370 Sancte
879 1309 912 1370 st
926 1283 1095 1384 Indiuidua
1109 1301 1261 1370 'ibinilisr
1406 1376 1413 1390 ι

455 1413 558 1482 nuno
574 1409 616 1478 ab
631 1410 865 1480 incarnacione·
875 1410 1006 1480 Domini
1021 1411 1125 1478 nostri
1148 1411 1227 1480 Jesu
1252 1411 1373 1487 Christi
1396 1410 1474 1477 mii·

359 1517 474 1586 lssinro
504 1519 748 1604 septuagesimo
777 1521 924 1604 septimo,
956 1521 1009 1586 die
1042 1521 1092 1588 12.
1114 1517 1229 1586 lincis
1248 1517 1430 1586 Indictione
1448 1516 1475 1582 1.

359 1627 562 1714 apostolecis
572 1629 663 1712 Papa
672 1627 829 1712 Gregorio
839 1629 993 1714 Septimo,
1009 1634 1042 1695 et
1053 1629 1141 1714 apud
1150 1626 1294 1694 Graecos
1310 1624 1475 1694 lliobacle

285 1781 286 1784 ,
358 1734 545 1820 imperante.
568 1735 687 1802 Notum
702 1735 745 1802 sit
761 1735 908 1802 omnibns
923 1743 991 1802 tarn
1006 1735 1212 1820 presentibus
1237 1753 1336 1817 quarn
1358 1740 1470 1818 poste·

360 1843 415 1925 ris,
437 1841 523 1925 qnod
547 1843 805 1926 ego'Zuoinimir
820 1864 879 1912 seu
909 1843 1092 1912 Demetrius
1123 1843 1245 1910 Divina
1275 1843 1478 1910 concedente

359 1949 472 2034 gracia
486 1951 555 2016 Rex
570 1948 803 2018 Obrobatorum
819 1951 1123 2018 ebDalmatinorum
1148 1969 1220 2016 curn
1244 1949 1392 2016 omnibus
1415 1969 1476 2016 no-

359 2056 479 2123 bilibus
494 2057 575 2124 nreis
591 2058 740 2126 concessi
756 2059 914 2144 prestanti
930 2057 1075 2142 Pelagio,
1091 2055 1198 2125 Judici
1224 2056 1330 2124 insule
1354 2056 1478 2122 Bracis

359 2165 392 2230 in
416 2165 607 2248 Dalmucio,
632 2171 665 2231 et
688 2167 835 2234 omnibus
860 2166 1057 2234 charissimis
1081 2163 1245 2232 nobilibus
1271 2165 1313 2232 de
1335 2163 1471 2246 Brucla,
1574 2236 1580 2256 ⁸

360 2271 447 2353 qnod
460 2271 523 2358 ipsi
538 2271 666 2340 nobiles
682 2273 779 2340 unrici
801 2293 875 2342 cunr
900 2273 1048 2340 omnibus
1073 2271 1139 2339 sois
1164 2270 1323 2342 imulanis
1347 2273 1478 2354 possint

359 2377 461 2444 libers
475 2377 615 2448 rendere
632 2384 664 2446 et
680 2397 786 2446 emere
801 2381 991 2448 inomnibus
1007 2379 1203 2455 ciuitatibus,
1220 2378 1302 2446 locis
1327 2385 1361 2444 et
1384 2377 1474 2446 villis

362 2485 467 2571 Regni
481 2487 545 2554 moi
570 2506 681 2554 omnes
706 2495 915 2573 mercaturas,
942 2507 1024 2573 quas
1049 2487 1208 2574 placuerit
1231 2488 1280 2553 eis
1306 2503 1414 2552 emere
1439 2492 1475 2554 et

362 2595 501 2662 vendere
525 2581 596 2662 'sine
621 2594 689 2662 ulla
712 2597 865 2688 collecta,
892 2596 971 2680 daja
995 2603 1027 2664 et
1051 2595 1281 2681 imposicione;
1304 2612 1366 2660 neo
1388 2592 1477 2676 quis·

363 2719 459 2783 quam
475 2701 516 2768 de
530 2700 679 2768 fidelibus
694 2706 775 2772 meis
792 2703 913 2772 audeat
928 2723 985 2772 eos
1001 2702 1175 2770 molestare
1201 2701 1266 2768 ullo
1292 2699 1386 2768 modo
1411 2698 1475 2766 sub

365 2791 471 2892 poene
488 2828 558 2876 mee
574 2809 819 2895 indignacionis.
831 2813 887 2880 ·Et
901 2812 962 2880 boc
984 2815 1116 2897 propter
1140 2809 1332 2878 benevolam
1355 2811 1477 2874 tracta·

364 2917 499 3000 cionem,
515 2936 612 3000 quani
629 2917 695 3002 ipsi
711 2921 837 2986 nobiles
853 2919 894 2986 dc
909 2921 1027 2987 Braoia
1049 2919 1193 2986 fecerunt
1217 2915 1368 2984 fidelibus
1391 2914 1476 2980 meis

363 3023 518 3108 preclaris
534 3027 678 3114 Drogote
694 3031 796 3112 Bono,
812 3035 844 3098 st
860 3029 1054 3114 Slarogosto
1068 3026 1208 3112 Jopano.
1230 3025 1272 3092 Et
1295 3024 1356 3090 hec
1382 3021 1475 3089 facta

364 3139 439 3200 sunt
454 3133 486 3200 in
502 3137 672 3219 presencia
681 3137 879 3204 venerabilis
890 3136 1038 3221 Gregorii
1053 3133 1207 3220 Episcopi
1222 3132 1469 3212 chrobctcrcm,

364 3241 450 3308 Petri
465 3240 644 3328 Capeliani,
661 3247 805 3329 Drcgoto
821 3240 918 3330 Banil,
944 3243 1129 3328 Slarogosti
1148 3240 1268 3328 Jopani
1278 3289 1287 3324 ‚
1312 3235 1477 3306 Berislavi

364 3346 497 3416 Comitis
513 3359 545 3418 ct
559 3353 699 3420 Drusins
713 3353 835 3420 Jndicis
850 3371 909 3437 per
935 3366 1064 3417 manum
1092 3348 1225 3434 Georgii
1249 3344 1378 3415 Notarii
1391 3361 1475 3436 ¹eom

364 3457 561 3542 appensione
578 3461 641 3526 mei
658 3459 770 3546 sigilli.

408 3557 411 3564 ’
471 3565 541 3650 Ego
557 3569 668 3653 Drago
695 3568 814 3636 Rudini
838 3568 919 3636 civis
945 3565 1096 3650 Sibenici,
1121 3561 1253 3650 Imperii
1279 3559 1474 3629 auctoritaie

367 3669 495 3756 publica
511 3674 627 3758 ludex,
645 3675 773 3742 Ordinis
788 3683 822 3742 et
837 3676 1076 3742 Gommncitatis
1092 3673 1210 3740 Bracie
1226 3671 1356 3755 juratus
1381 3657 1463 3735 (lan-
1595 3755 1602 3766 .

367 3778 516 3847 cellarius
531 3800 571 3848 ex
587 3783 653 3877 clia
669 3783 891 3850 membranula
905 3783 1038 3850 inbono
1053 3780 1194 3847 fideliter
1209 3773 1412 3845 exbanidie·
1422 3772 1467 3840 4a

366 3885 445 3954 Ju-lii
460 3888 536 3954 anni
553 3887 637 3954 1379
653 3895 686 3955 ei
702 3909 773 3957 meo
788 3891 919 3976 proprio
936 3889 1061 3955 nornine
1077 3894 1111 3955 et
1133 3889 1286 3954 consueto
1309 3881 1343 3949 in
1367 3877 1474 3982 iidem,

367 3999 400 4070 et
414 3995 632 4062 testimoninm
647 3997 795 4098 signori.¹

366 4148 514 4222 (Oiccareli
541 4151 720 4212 Endrsuiin.
739 4152 939 4212 Osssrvsnioni
952 4153 1013 4210 anll'
1033 4150 1117 4225 isola]
1134 4151 1211 4208 dalla
1230 4151 1349 4221 Bracae,
1367 4147 1473 4210 Velen-

716 4259 766 4300 czs
784 4244 864 4300 neor.
883 4244 943 4300 1oa.
965 4243 985 4299 r.
1005 4241 1104 4314 coss).
