3214 5066
802 314 961 424 ns.-

318 517 425 588 flectis
441 515 619 600 adimplere
644 510 842 592 mandatum,
870 512 958 595 qnod
981 507 1213 578 Mouasterium
1239 511 1359 596 ipsum
1372 529 1431 596 pro

316 625 446 694 deiectu
461 629 569 690 uesuo
591 655 626 668 -
645 655 689 668 -
704 617 910 704 dispendium
936 638 1001 684 non
1024 617 1175 682 incurrat
1194 617 1288 701 Quod
1312 620 1342 686 si
1366 641 1431 688 non

314 753 425 802 omnes
455 732 520 818 hijs
552 728 751 814 exequendis
782 728 960 812 potueritis
985 726 1163 808 interesse;
1187 731 1222 790 tu
1253 745 1303 806 ea,
1328 727 1430 796 frater

316 845 495 932 Episcopo,
525 857 595 904 oum
622 855 730 904 eorum
761 838 868 902 altero
899 830 1128 902 nichilominus
1158 833 1341 916 exequaris.
1366 837 1432 904 Vos

317 953 465 1037 denique,
482 947 582 1015 frater
607 946 770 1032 Episcopo
786 965 827 1012 ao
842 943 887 1011 fili
911 943 1033 1025 Abbas,
1057 962 1155 1030 super
1178 947 1272 1014 uobis
1296 945 1378 1032 ipsis
1400 956 1432 1012 ct

315 1058 438 1128 credito
454 1057 546 1124 uobis
562 1075 662 1142 grege
678 1055 790 1121 taliter
804 1051 960 1136 uigiletis,
977 1052 1171 1137 extirpando
1196 1053 1278 1120 uitia
1293 1061 1326 1120 et
1340 1054 1432 1140 plan·

313 1166 414 1256 tando
430 1166 578 1259 uirtutes,
594 1170 629 1230 ut
644 1163 678 1230 in
693 1161 870 1230 nouissimo
888 1161 1026 1228 districti
1051 1161 1212 1230 examinis
1238 1162 1292 1228 die
1317 1183 1429 1229 coram

298 1265 481 1344 ¹tremendo
497 1272 611 1357 iudice,
637 1271 691 1355 qui
708 1269 822 1338 reddet
837 1270 1009 1354 unicuique
1034 1269 1209 1338 secundum
1235 1291 1335 1358 opera
1358 1290 1428 1356 aaa,

315 1385 448 1469 dignam
461 1375 597 1469 'possitis
614 1378 750 1447 reddere
767 1379 936 1446 rationem.
953 1379 1072 1446 Datum
1088 1379 1241 1447 Laterani
1256 1380 1297 1446 11.
1315 1379 1431 1448 Nonas

301 1491 406 1578 [Maij.
431 1489 640 1559 Pontificatus
656 1487 757 1554 nostri
772 1505 857 1554 anno
874 1487 1127 1555 octauodecimo.

299 1765 302 1772 r
320 1733 324 1745 ¹
423 1722 568 1794 (Eredetie
586 1740 604 1778 a
622 1737 662 1776 sa.
682 1717 972 1792 mutonitoapttrtg
990 1715 1194 1776 levettrttau.
1212 1718 1317 1786 cuci).

767 1965 986 1980 mr

968 2143 971 2150 .

871 2291 875 2299 r

241 2459 245 2468 ,
318 2391 348 2457 Α
371 2393 462 2479 pyiica'
478 2391 604 2478 pttept'k
626 2393 704 2454 micat
728 2389 882 2455 candoe
907 2391 976 2456 birci
998 2393 1029 2456 tc
1050 2391 1224 2478 septdbc'rcti
1246 2416 1267 2457 o
1286 2417 1431 2482 pannon-

317 2499 416 2566 lolms'
438 2497 657 2563 azentmctrtoca'
681 2499 712 2562 tc
727 2521 747 2560 a
763 2499 956 2585 somoppooca'
971 2499 1160 2586 eacatepycdc'
1174 2503 1346 2588 apatsdpok
1362 2503 1432 2569 kozt

445 2630 466 2671 a
488 2608 730 2694 somopyoaepyeo'
753 2607 872 2670 tiaedelc
894 2607 1029 2694 ttpyc‘bea
1053 2607 1176 2674 itehaek.
1203 2611 1299 2675 1215.

325 2867 328 2874 ι
423 2787 541 2854 Notum
558 2785 604 2852 sit
625 2785 772 2852 omnibus
796 2785 857 2854 has
882 2781 1007 2854 litteras
1032 2786 1238 2875 inspecturis·
1261 2792 1346 2874 quod
1371 2811 1432 2860 uos

318 2894 505 2966 (leunensis
529 2892 721 2980 Episcopus,
746 2899 779 2959 et
804 2891 1028 2962 Waradiemsis
1053 2895 1152 2963 etde
1177 2897 1258 2964 Beel
1283 2895 1430 2966 Abbates

316 3005 442 3072 iudices
458 3001 613 3070 fuerimus
629 3023 650 3070 a
668 3002 798 3068 domino
824 3003 916 3086 Papa
941 3003 1088 3088 delegati
1103 3001 1136 3068 in
1153 3023 1264 3091 causa,
1281 3025 1344 3090 que
1359 3025 1429 3074 uer·

317 3115 445 3182 tebatur
459 3113 541 3179 iuter
556 3111 716 3178 Abbatem
733 3110 844 3176 Sancti
869 3109 1000 3178 Martini
1016 3131 1057 3178 ex
1072 3132 1138 3179 uua
1152 3121 1257 3199 parte,
1274 3121 1307 3180 et
1320 3114 1429 3183 Abba·

321 3233 386 3292 tem
402 3227 435 3288 et
449 3219 626 3302 monachos
643 3217 878 3303 Simighienses
894 3238 936 3284 ex
952 3221 1058 3289 altera
1082 3241 1179 3308 super
1202 3222 1337 3292 decimis
1363 3243 1433 3311 pre-

317 3335 451 3416 diorum,
482 3349 645 3397 orreorum
675 3335 708 3396 ct
733 3328 939 3395 cellariorum
965 3335 998 3394 et
1023 3331 1215 3418 populorum
1241 3351 1372 3400 suorum
1399 3339 1431 3400 et

316 3439 599 3535 panochianprum
616 3435 752 3520 Capelle
768 3435 881 3502 Sancti
897 3437 983 3504 Petri
1005 3445 1039 3505 et
1063 3439 1199 3506 aliarum
1225 3459 1341 3526 rerum,
1367 3461 1430 3526 qne

310 3550 360 3617 ad
375 3549 568 3634 simigiense
583 3544 813 3612 monasterium
829 3546 1045 3629 pertinebant
1069 3547 1139 3616 Has
1154 3547 1298 3617 decimas
1315 3551 1429 3618 Albas

318 3657 430 3727 Sancti
445 3653 576 3726 Martini
593 3652 756 3738 predictus
787 3659 955 3738 tamquam
986 3654 1114 3722 debitas
1144 3675 1202 3724 suo
1234 3661 1429 3726 monasterio

317 3763 524 3846 vendicabat,
541 3781 676 3844 cumque
692 3759 855 3846 superbis
871 3781 979 3827 coram
1003 3763 1098 3830 nobis
1126 3765 1327 3850 aliquamdiu
1353 3767 1430 3834 luis·

318 3879 370 3943 set
383 3889 581 3961 processum,
595 3877 704 3939 tamen
719 3878 989 3955 recognoscentes
1005 3872 1165 3958 monachi,
1184 3875 1270 3959 quod
1285 3877 1430 3963 predicte

223 4031 225 4036 -
317 3985 441 4053 decime
456 3981 499 4051 ad
515 3981 564 4047 ius
580 3987 614 4047 et
628 3979 858 4065 proprietatem
873 3981 1062 4048 monasterii
1081 3981 1193 4051 Sancti
1208 3985 1341 4052 Martini
1357 4003 1428 4071 pen

317 4095 465 4170 tinerent,
493 4089 682 4156 iurauerunt
695 4088 728 4154 iu
743 4089 914 4174 presencia
930 4097 1055 4172 nostra,
1072 4109 1108 4156 sc
1125 4091 1166 4158 de
1192 4097 1299 4160 cetero
1324 4093 1430 4180 predi-

319 4211 392 4272 ctas
415 4201 560 4268 decimas
580 4197 707 4282 integre
724 4197 896 4264 soluturos.
921 4198 960 4264 Iri
983 4199 1086 4281 ipsurn
1116 4200 1238 4285 Albas,
1263 4199 1319 4285 qui
1344 4207 1430 4288 post

317 4315 447 4380 modurn
463 4307 615 4395 succepit,
643 4307 773 4374 Erueus
797 4307 927 4373 nomine
949 4310 1145 4394 recognouit,
1171 4316 1205 4375 et
1229 4309 1378 4396 promisit
1399 4313 1433 4374 et

315 4416 549 4486 testimoniales
567 4417 694 4482 litteras
711 4431 789 4482 suas
806 4420 838 4479 et
853 4413 1036 4484 Gonncntus
1063 4425 1292 4485 concesserunt
1305 4415 1429 4484 Abbati

316 4527 469 4613 predicto.
493 4527 562 4591 Nos
578 4531 688 4592 autem
705 4521 884 4608 predictam
900 4527 1159 4611 recogniciouem
1186 4534 1292 4598 ratam
1316 4531 1360 4610 et¹
1374 4523 1427 4589 iir-

317 4655 404 4706 mam
419 4633 586 4717 habentes,
602 4633 662 4702 has
680 4631 809 4702 litteras
824 4632 1056 4702 testimoniales
1073 4635 1191 4704 uostris
1214 4635 1335 4722 sigillis
1361 4649 1427 4704 mu·
