3214 5072
588 799 716 948 ‚5⁵1

138 1045 182 1109 11.
206 1043 315 1107 dbcdrc
345 1042 451 1129 kirtly
473 1065 511 1106 aa
534 1045 688 1108 acaddai
710 1046 922 1112 carattereszti
953 1049 1087 1134 aptitudo
1109 1051 1254 1114 eadmero

139 1153 314 1238 moperdsttt'
334 1151 416 1214 Imrc
448 1150 619 1237 kirdlyaolc
641 1175 662 1216 o
685 1153 796 1220 Mosco
830 1150 968 1217 odrdhoz
992 1175 1029 1216 oz
1053 1153 1123 1219 elb'tt
1157 1165 1255 1220 torto-

139 1269 197 1323 zott
216 1259 379 1347 bcssenyb'lt
398 1257 521 1346 rrtkduy
536 1257 657 1344 soluat
676 1259 765 1324 illest
781 1261 918 1324 taos-tt
933 1259 1132 1347 adootduydt.
1157 1265 1258 1360 12⁰&

242 1441 281 1504 Iu
297 1439 425 1504 nomine
441 1439 560 1506 Sancte
576 1437 746 1506 Trinitatis
762 1447 795 1504 et
811 1439 978 1507 indiuiduo
1013 1439 1166 1508 Unitatis.
1190 1441 1256 1508 Aa·

141 1547 230 1612 draca
245 1543 309 1609 Dei
323 1545 437 1628 gracia
453 1545 626 1630 Harpal-ie,
641 1545 815 1628 Dalmacr'e,
836 1544 992 1633 Clocoris,
1008 1549 1115 1633 Ranae,
1136 1551 1246 1618 Satrio

142 1652 273 1734 dutiae,
307 1651 553 1736 Lodornadeque
570 1653 641 1716 Rex
657 1651 907 1740 inperpetuum.
931 1654 1037 1739 Regio
1050 1621 1257 1728 sublimitati}
1302 1677 1305 1684 ’
1337 1677 1338 1684 ’

141 1763 286 1842 interest,
303 1765 336 1826 et
352 1760 478 1842 equitas
494 1759 612 1827 suadet
627 1759 795 1845 naturalis,
808 1769 851 1846 vt,
870 1761 923 1844 qui
939 1781 999 1828 aua
1015 1770 1136 1830 statuta
1152 1787 1173 1833 a
1189 1769 1257 1835 suis

141 1868 564 1952 successoribusdesiderat
578 1870 756 1967 obseruari,
785 1871 856 1954 ipse
882 1891 1010 1956 quoque
1034 1891 1161 1940 suorum
1186 1897 1257 1962 pre·
1377 1945 1386 1959 ,

141 1979 348 2046 decessorum
377 1978 567 2045 sanctiones
593 1979 665 2062 pari
693 1977 824 2044 studeat
854 1978 1030 2063 diligencia
1061 2001 1257 2055 conseruare

141 2087 278 2154 utnulla
293 2093 454 2180 uetustate
469 2077 699 2182 dissoluantur,
717 2107 779 2170 que
791 2087 1037 2155 succedencium
1052 2091 1116 2158 sibi
1132 2093 1256 2178 Regum

142 2196 491 2282 auotoritas-perpetua
506 2194 688 2262 stabilitate
713 2195 899 2262 decreuerit
911 2189 1078 2263 roborare.
1103 2199 1182 2268 iude
1199 2211 1259 2285 eat,

143 2303 226 2388 quod
250 2305 456 2390 priuilegium
481 2323 507 2368 a·
527 2303 698 2370 recolende
730 2305 883 2372 memorie
907 2305 1008 2382 fratre
1033 2311 1143 2374 nostro
1168 2307 1259 2395 Rege

143 2414 240 2480 uerbo
257 2414 302 2480 ad
318 2411 449 2482 uerbum
465 2413 611 2497 presenti
628 2414 747 2500 scripto
764 2413 914 2503 duximus
930 2413 1148 2482 inserendum·

246 2520 517 2586 monetmonet
548 2521 662 2604 gracia
692 2523 867 2606 Hesperie,
898 2523 1067 2608 Dalmatio,
1102 2523 1257 2608 damae,

143 2631 247 2712 Rome,
279 2629 451 2711 Ser-uiaque
481 2631 551 2699 Rex
576 2631 832 2714 inperpetuum.
865 2629 1023 2708 Quoniam
1049 2631 1259 2701 bumanorum

143 2745 271 2804 eduum
287 2739 389 2806 series
406 2757 476 2827 oum
493 2745 637 2822 tempore
653 2739 797 2804 simulet
820 2737 1005 2804 ordinatore
1031 2739 1094 2805 cito
1118 2741 1255 2825 preterit

143 2853 174 2912 et
193 2847 331 2930 deletur,
364 2865 540 2913 consonum
571 2865 644 2913 esse
676 2846 852 2914 dinoscitur
876 2845 1002 2930 legibus
1034 2847 1199 2931 equitatis,
1225 2854 1260 2914 ut
1313 2927 1315 2930 ¹

143 2953 246 3039 Regia
261 2954 442 3020 liberalitas
459 2953 617 3034 intendat,
633 2973 730 3036 quam
755 2955 926 3038 plurimum
942 2973 1015 3020 esse
1042 2955 1168 3041 repleta
1190 2975 1257 3022 mu-

143 3061 291 3147 neribus;
315 3063 454 3127 maxime
471 3059 621 3146 religioni
637 3063 866 3147 conpatiendo,
884 3069 917 3128 ot
933 3063 1014 3129 uiris
1031 3062 1102 3129 Deo
1118 3064 1259 3132 militan-

144 3170 228 3236 tibus
244 3170 279 3234 in
294 3168 422 3236 nominc
438 3169 525 3234 illius
541 3169 652 3253 Regis,
669 3171 703 3234 iu
719 3169 811 3235 cuius
826 3185 924 3235 manu
950 3177 1025 3236 sunt
1049 3171 1188 3238 omnium
1204 3189 1259 3258 po-

144 3285 282 3345 testatos
298 3284 330 3343 et
347 3277 486 3344 omnium
504 3277 574 3343 iura
591 3279 785 3362 Regnorum,
803 3284 981 3344 extremum
998 3277 1083 3344 diem
1107 3277 1258 3346 habendo

144 3387 338 3472 preconiis,
365 3404 499 3470 erogare
525 3370 658 3469 copiose
684 3392 831 3452 maturet.
856 3383 950 3462 Quod
975 3391 1009 3448 et
1033 3387 1257 3470 progenitores

145 3496 244 3562 nostri
260 3501 293 3560 et
308 3494 421 3561 horum
437 3493 542 3560 felicis
567 3493 719 3578 precipue
743 3495 899 3558 memorie
924 3499 1152 3576 paternoster
1176 3495 1259 3558 Belo

146 3605 213 3670 Rex
226 3604 403 3689 prudenter
418 3602 714 3672 animaduertentes
730 3601 812 3666 inter
828 3600 896 3666 alia
912 3600 1046 3684 pietatis
1066 3607 1144 3667 acta
1168 3601 1258 3668 iunu-

137 3733 235 3779 mera
250 3711 420 3779 cenobium
443 3709 557 3776 Sancta
582 3709 693 3777 Crucis
717 3709 750 3774 iu
774 3707 910 3773 Aurata-ia
934 3709 1071 3776 fouebat
1098 3715 1132 3774 ut
1156 3727 1272 3792 suum,-

146 3820 378 3887 mauutencbat
393 3826 427 3885 ut
442 3819 616 3905 proprium,
634 3823 665 3884 et
682 3817 931 3882 elemosinarum
956 3817 1051 3902 larga
1076 3819 1257 3900 crebraque
1315 3830 1322 3866 ’·

147 3929 320 3996 donatione
346 3915 557 3994 sustentabat.
583 3925 680 3992 Cuius
708 3945 768 3992 uos
795 3945 867 3992 cum
881 3910 987 4012 Regni
1002 3945 1211 3994 successores
1227 3931 1260 3992 et

147 4039 318 4124 potestatis
334 4059 374 4104 ao
391 4037 556 4123 copiarum
572 4035 712 4108 omnium
728 4033 866 4120 legitimi
894 4034 994 4100 simus
1020 4031 1167 4117 heredes,
1193 4034 1260 4119 pie-

146 4148 205 4244 tati
220 4147 320 4212 ctiam
337 4145 407 4213 eius
423 4153 456 4212 et
471 4144 661 4211 liberalitati
684 4163 749 4208 uon
773 4143 916 4227 impares
941 4142 1079 4208 inueniri
1103 4143 1259 4224 uolentes,

148 4255 302 4340 predium,
319 4253 405 4338 quod
420 4255 556 4341 Byroeai
571 4253 732 4337 quondam
748 4249 972 4335 possidebant,
991 4251 1030 4316 de
1047 4250 1116 4315 iuro
1141 4250 1259 4314 Morsa-

148 4367 262 4431 aierrais
277 4365 376 4430 castri
392 4369 573 4446 exemptum
590 4367 826 4446 prememorato
852 4357 988 4425 cenobio
1013 4357 1126 4422 Sancte
1153 4357 1262 4424 Crocia

114 4549 115 4552 Ἴ
149 4474 202 4548 ita,
217 4479 253 4537 ut
268 4473 403 4558 Bpeecai
418 4471 499 4536 illud
514 4470 705 4552 habueruut,
731 4468 891 4551 integrum
917 4487 988 4531 cum
1015 4465 1163 4532 omuibus
1188 4485 1258 4550 per-

70 4593 74 4606 ·
150 4583 294 4648 tinentiis
312 4581 379 4648 suis
395 4579 500 4665 Regia
516 4561 555 4643 ac
571 4576 771 4662 potestatiua
787 4593 885 4639 manu
900 4572 934 4638 in
950 4573 1062 4655 Reguo
1072 4578 1181 4638 nostro
1190 4591 1262 4655 per-

148 4697 243 4776 petuo
259 4693 330 4756 iure
346 4687 537 4770 contulimus
562 4685 802 4772 possidendum.
829 4679 921 4759 Quod
947 4679 1094 4768 predium
1118 4699 1176 4765 per
1199 4678 1268 4763 pri-¹

201 4809 515 4860 uomrrasurromsu.
528 4829 553 4841 -
567 4807 646 4870 nnc.
662 4809 681 4848 r.
1080 4787 1098 4853 7
1194 4875 1197 4884 ,
