3222 5054
170 996 215 1062 Π.
232 995 339 1061 Endre
362 993 467 1082 hardly
486 995 610 1074 dolcat,
629 997 751 1085 Zoolsyrr
767 995 884 1082 fiscale
908 995 1129 1076 iatcckedescss
1152 991 1283 1081 melyrrtl

164 1101 268 1190 focca
290 1103 402 1190 yo'nyiii
419 1103 555 1168 birtolrcit
579 1126 601 1168 a
621 1103 849 1192 pannoohalms'
861 1103 1094 1168 commacerat
1109 1105 1282 1190 apdtsdyra

464 1209 644 1298 arciaca,
660 1212 767 1277 attriti
783 1233 857 1300 moy.
874 1212 971 1276 1227.

276 1389 426 1459 Andreas
441 1391 505 1457 Dei
519 1391 632 1474 gracia
646 1391 815 1478 Hungcrie
842 1392 912 1458 Rex
937 1391 1100 1458 vniuersis
1115 1395 1283 1478 presentes

171 1499 283 1566 literas
299 1497 494 1582 inspecturis
508 1499 646 1565 salutem
671 1506 703 1566 et
728 1516 821 1566 omne
835 1499 967 1566 bonum.
997 1499 1049 1565 td
1064 1499 1283 1566 uniuersorum

171 1606 324 1676 noticiam
339 1611 451 1673 tenore
465 1607 669 1692 presencium
684 1607 830 1675 uolumus
846 1607 1027 1694 peruenire,
1042 1605 1129 1691 qood
1145 1627 1216 1674 cnm
1225 1607 1280 1673 Ja-

171 1718 269 1785 cobos
284 1712 369 1780 tilius
383 1713 516 1802 Zoohyn
532 1714 572 1781 de
586 1715 667 1782 uilla
681 1714 786 1799 Gonu,
810 1716 864 1798 qui
880 1715 1025 1802 peccatis
1040 1717 1109 1784 suis
1127 1713 1284 1800 exigenti-

170 1826 231 1893 bus
246 1825 338 1910 prole
356 1823 459 1890 uirilis
471 1842 573 1912 sexus
591 1823 733 1909 carebat,
749 1824 804 1908 qni
820 1824 924 1891 eciam
941 1824 982 1890 de
998 1823 1226 1910 iobagionibus
1242 1820 1285 1888 ad
1421 1860 1428 1880 ·

172 1940 316 2000 nostram
335 1931 492 2014 Reginam
507 1931 750 2018 pertinentibus,
776 1932 831 2015 qui
856 1933 900 1999 ad
924 1933 1100 2012 exercitum
1115 1933 1164 1998 ire
1178 1931 1286 1998 solent

172 2041 329 2138 origmem
351 2038 505 2124 duxerat,
531 2057 572 2106 ox
597 2057 760 2106 consensu
776 2046 809 2106 ot
824 2039 1028 2126 beneplacito
1047 2045 1157 2108 nostro
1173 2059 1214 2106 ec
1230 2057 1285 2106 ca-

172 2149 301 2219 riss'rme
316 2147 462 2231 coniugis
484 2154 595 2214 nostre
611 2146 741 2216 domine
756 2147 857 2216 Yolss
871 2137 996 2234 Regina
1012 2147 1045 2214 in
1062 2146 1285 2215 remissionem

173 2259 311 2324 omnium
327 2259 533 2343 peecatorum
550 2261 924 2325 suornmterramsocm
948 2243 994 2324 ad
1018 2259 1179 2324 culturam
1191 2255 1285 2322 nnius

89 2415 94 2420 .
172 2367 275 2432 aratri
299 2384 370 2432 oum
394 2364 523 2450 piscina
546 2371 577 2430 et
601 2349 721 2432 silunla
736 2385 775 2432 ac
792 2365 917 2434 duabus
941 2365 1162 2434 mansionibus
1178 2383 1286 2434 seruo

127 2524 133 2537 .
171 2494 244 2540 rom
259 2473 301 2540 de
317 2471 466 2558 predicta
480 2473 561 2540 nilla
576 2473 694 2560 Ganyu
708 2473 857 2541 Ecclesia
873 2478 1000 2558 nostre)
1025 2473 1152 2540 scilicet
1175 2473 1286 2542 Mona-

148 2583 150 2586 ’
172 2581 264 2667 sterij
281 2581 377 2650 Beati
391 2581 522 2648 Martini
537 2579 578 2647 de
593 2579 703 2648 Monte
720 2580 888 2652 Pannonio
903 2582 962 2648 tali
987 2580 1185 2650 condicionis
1201 2581 1287 2650 seris

172 2689 374 2778 interposita,
390 2697 424 2756 ut
440 2688 593 2773 quamdiu
608 2689 732 2758 uiueret
748 2689 838 2758 diota
852 2696 942 2758 terra
958 2707 1017 2757 sne
1028 2691 1172 2764 edurum
1184 2690 1285 2778 ipsius

173 2801 262 2868 nullo
279 2797 521 2868 contradicente
536 2795 725 2884 desertores,
741 2805 897 2886 perpetuo
915 2798 1105 2867 contulisset
1119 2799 1286 2886 possiden·

173 2909 271 2992 dam,
295 2926 356 2974 nos
376 2905 486 2994 ipsius
509 2907 721 2975 donacionem
740 2907 858 2974 iustam
875 2913 907 2976 et
922 2907 1035 2976 utilem
1050 2907 1119 2974 fore
1134 2927 1287 2993 recogno

173 3014 371 3100 scenicam
387 3017 460 3084 eius
474 3015 649 3087 instantem
664 3014 879 3100 peticionem,
904 3019 939 3080 nt
956 3018 1112 3101 perpetue
1128 3015 1286 3082 stabilita

148 3189 151 3196 ,
172 3127 215 3193 tis
231 3123 377 3194 obtineat
391 3123 506 3207 robur,
532 3128 716 3208 presentem
741 3123 959 3191 concessimus
978 3123 1134 3207 paginam
1149 3120 1287 3209 duplicis

174 3232 274 3317 sigilii
289 3232 391 3300 nostri
408 3229 582 3300 munimine
597 3230 793 3300 roboratam.
814 3217 935 3298 Datum
950 3249 1035 3298 anno
1051 3230 1220 3298 Dominice
1235 3231 1286 3296 In·

174 3340 380 3412 carnaeionis
394 3337 619 3410 Mocxxvfl.
634 3341 738 3424 Regni
752 3339 854 3407 nostri
868 3359 954 3408 anno
970 3337 1138 3426 vigesimo.

331 3535 475 3610 (Eredetie
485 3555 504 3595 a
516 3507 728 3596 smntssmtmoni
739 3531 889 3608 fo'spttstg
901 3529 1123 3606 lerelttrtben.)

612 3795 817 3813 Μ
