3222 5054
793 223 1154 390 Α..

267 467 295 484 ”
385 505 386 510 ’
423 477 530 554 Tonor
554 476 685 566 insuper
710 477 874 565 privilegii
898 477 1031 577 indues
1057 477 1156 565 Regis
1172 475 1322 564 Ungarie
1338 495 1439 548 unreu

316 585 408 652 bulla
423 584 536 652 muniti
551 584 629 652 talis
644 592 715 654 est:

373 785 376 792 Ι
423 693 461 759 In
476 694 606 760 nomine
622 696 743 764 Sunute
758 694 931 764 Trinitatis
947 696 1009 764 stb.

264 842 270 858 ·
354 793 805 891 destruemonemus
819 817 1146 891 muneremunere
1159 817 1236 889 msry
1249 813 1403 882 urrunnu

566 905 706 978 Fejtrnel,
720 905 788 964 Coti.
800 907 879 980 Dipl.
893 907 944 964 111.
957 907 986 965 k.
1001 908 1026 964 1.
1038 926 1062 966 r.
1074 909 1136 964 210.
1149 905 1181 978 l.)
1435 973 1436 982 ἵ

423 1031 533 1100 ‘senor
558 1031 699 1118 denique
721 1034 887 1121 privilegii
902 1036 985 1104 Bele
999 1035 1101 1124 Regis
1116 1035 1324 1122 primogeniti
1341 1033 1441 1120 Regis

319 1139 464 1231 Ungurie
481 1147 515 1208 et
529 1141 635 1210 Ducis
647 1142 746 1210 totins
761 1143 956 1211 Seluronie:

427 1248 583 1317 Omnibus
598 1250 643 1317 ed
660 1270 739 1335 quos
755 1257 926 1338 presentes
941 1253 1277 1338 litterepervenerint
1300 1251 1439 1320 salntem

229 1440 232 1448 Ι
321 1357 355 1424 in
379 1357 530 1426 Domino.
555 1357 660 1443 Regis
675 1359 861 1428 Maiestatis
875 1361 1048 1455 celsitudo
1063 1368 1131 1429 tum
1146 1359 1317 1450 providam
1343 1359 1447 1436 debet,
1509 1441 1510 1446 Ἰ

323 1461 448 1532 bebere
469 1465 811 1552 oiroumspeotionem,
836 1473 871 1534 ut
895 1473 1014 1554 quanto
1039 1471 1112 1555 quis
1136 1465 1181 1536 ad
1204 1454 1442 1556 supportandsss

319 1572 422 1659 Regis
446 1573 579 1663 negotiu
604 1572 778 1644 officiosior
796 1565 952 1662 ooourrit,
965 1553 1012 1642 'et
1042 1577 1077 1643 in
1107 1577 1260 1663 gerendis
1289 1575 1388 1646 rebus
1404 1598 1440 1646 se

320 1679 427 1748 reddit
441 1681 693 1768 promptiorem,
718 1687 809 1750 tanto
832 1685 1027 1770 propensius
1042 1683 1151 1770 dignis
1165 1685 1354 1754 meritorum
1368 1705 1441 1773 pre·

197 1783 203 1792 “
320 1788 393 1858 miis
417 1789 672 1860 remunerandus
697 1799 879 1861 censeatur.
910 1792 1117 1878 Quapropter
1140 1793 1303 1862 universis
1324 1798 1439 1862 notum

321 1896 393 1966 lieri
417 1900 581 1986 uolumus,
607 1900 695 1984 quod
720 1899 932 1968 dileetissimo
964 1907 998 1966 et
1026 1899 1117 1968 fideli
1141 1909 1251 1970 nostro
1272 1901 1440 1988 Stephano

322 2007 443 2075 Sonete
458 2008 692 2094 Zugrubiensis
709 2009 861 2078 Euolesie
876 2008 1059 2076 venerabili
1075 2009 1238 2098 Episeopo
1247 2060 1257 2095 ,
1274 2007 1373 2090 ¹ouius
1397 2009 1443 2076 di·

322 2117 484 2186 seretione
500 2123 694 2204 proeurunte
718 2137 778 2204 pre
803 2119 922 2184 ueteris
948 2118 1054 2203 Regni
1069 2115 1262 2202 primatibus
1278 2117 1443 2186 disoordiu

322 2228 407 2293 inter
422 2229 548 2310 patrem
563 2229 707 2290 nostrum
731 2231 766 2290 et
789 2243 851 2291 nos
865 2223 941 2290 olim
957 2230 1071 2292 exorte
1079 2273 1089 2308 ,
1114 2231 1146 2289 et
1161 2223 1205 2291 ud
1220 2223 1442 2292 inextimabile

323 2332 428 2415 Regni
451 2331 675 2398 detrimentum
701 2332 915 2399 subcrescens
932 2339 983 2399 est
999 2331 1041 2398 ad
1058 2332 1263 2400 concordium
1273 2342 1443 2420 -revoeuta,

325 2447 359 2507 et
373 2440 527 2508 universa
541 2459 622 2524 gens
647 2439 747 2506 variis
770 2441 1048 2528 perturbationum
1064 2442 1218 2526 procellis
1234 2439 1394 2510 lluetuans
1410 2441 1442 2508 in

302 2535 303 2538 ¹
324 2567 406 2642 poue
422 2547 583 2614 eolloeatu
591 2595 600 2632 ‚
617 2553 735 2614 terrum
750 2548 832 2615 Pzer
847 2547 889 2614 de
905 2555 1014 2615 oestro
1029 2549 1245 2634 Zagrabiensi
1261 2556 1441 2634 exceptam,

324 2657 403 2724 lieet
416 2661 566 2747 respeetu
576 2655 787 2750 ,servitiorum
802 2675 932 2724 snorum
945 2655 1109 2723 minimam
1127 2668 1161 2724 et
1175 2657 1300 2724 meritis
1311 2659 1443 2742 inequa-

324 2768 411 2849 lem,
435 2762 498 2831 sibi
524 2771 557 2831 et
580 2780 640 2830 suo
667 2765 852 2849 posteritati
868 2751 966 2832 oertis
981 2763 1077 2832 metis
1093 2767 1296 2848 assignatam
1312 2761 1444 2832 eontuli-

325 2891 396 2942 mus
412 2873 483 2939 inre
498 2871 694 2939 hereditario
710 2877 742 2938 in
758 2879 948 2959 perpetuum
958 2938 960 2944 ,
970 2869 1214 2959 possidendum.
1245 2871 1365 2960 Incipit
1389 2891 1444 2938 uu·

326 2989 392 3049 tem
406 2979 512 3068 prime
527 2986 616 3048 mets
631 2980 815 3067 supradicte
830 2989 936 3066 terre,
954 2973 1017 3065 que
1032 2987 1083 3049 est
1097 2987 1186 3049 meta
1201 2986 1332 3065 terres,
1350 2986 1383 3046 et
1398 2977 1442 3046 di·

328 3087 410 3157 vidit
426 3088 564 3158 eandem
579 3096 700 3156 terrem
714 3089 757 3158 de
773 3097 863 3158 terra
876 3087 1037 3156 filii'retri
1053 3089 1158 3172 (lure,
1174 3108 1237 3172 que
1250 3087 1359 3156 tendit
1373 3106 1443 3155 rer·

328 3217 385 3266 sus
410 3198 611 3267 occidentem
639 3217 738 3290 super
766 3205 907 3266 montem
930 3217 1034 3282 nsque
1058 3197 1102 3266 ed
1128 3197 1290 3281 quandam
1305 3215 1447 3284 pomum,

328 3309 387 3378 snb
404 3307 471 3392 que
485 3313 574 3376 mete
591 3314 642 3376 est
661 3314 797 3394 terreu5.
812 3309 888 3376 inde
899 3322 901 3331 ·
912 3307 1120 3395 prosedendo
1145 3325 1258 3395 parum
1283 3307 1343 3374 sub
1370 3325 1446 3392 qus·

328 3418 404 3485 dum
418 3417 506 3503 yliee
522 3423 575 3484 est
591 3423 680 3486 mete
697 3425 808 3486 ereoto
823 3417 864 3484 do
880 3423 985 3502 torre3
1002 3415 1079 3486 inde
1094 3416 1199 3484 tendit
1213 3433 1274 3500 per
1291 3413 1397 3482 metus
1413 3415 1446 3482 in

328 3525 445 3593 arbore
461 3543 557 3594 eruoe
572 3526 743 3612 signatus,
769 3532 802 3593 et
824 3527 859 3592 in
879 3525 993 3592 eodem
1009 3531 1117 3592 monte
1132 3526 1279 3610 superius
1296 3529 1348 3591 est
1361 3517 1449 3590 mets

329 3640 438 3702 terres
446 3681 456 3716 ‚
483 3652 546 3718 que
561 3633 679 3701 dividit
693 3639 813 3701 terram
827 3621 1019 3720 populorum
1034 3633 1150 3719 eastri3
1176 3631 1252 3699 inde
1271 3629 1376 3700 tendit
1390 3649 1449 3718 per

330 3747 435 3810 metas
452 3739 495 3806 etl
511 3741 648 3809 arbores
662 3739 923 3828 eruoesignatas3
940 3741 1015 3808 inde
1027 3740 1169 3822 vaditad
1179 3761 1332 3830 magnam
1348 3739 1448 3824 rium,

330 3851 422 3917 iuxta
437 3855 601 3934 quumfest
617 3856 703 3916 mets
717 3859 827 3918 terren
837 3885 859 3936 ,e
881 3851 922 3918 de
938 3869 1004 3938 qnu
1018 3850 1162 3918 declinet
1177 3866 1293 3918 versus
1307 3855 1448 3934 septem-

330 3959 501 4028 trionalem
525 3963 669 4045 portem5
695 3959 773 4026 item
798 3957 906 4028 eundo
930 3959 1022 4026 iuxta
1045 3959 1185 4026 eandem
1200 3958 1289 4025 vium
1306 3977 1327 4024 a
1342 3957 1450 4044 eapite

332 4067 480 4136 eiusdem
504 4067 557 4135 vie
583 4065 673 4135 vadit
698 4087 794 4154 super
810 4069 965 4136 vortioem
982 4069 1101 4136 montis
1118 4064 1303 4153 ouiusdsm,
1328 4067 1363 4132 in
1386 4083 1450 4150 quo

301 4210 303 4215 .
332 4182 384 4244 est
398 4181 500 4262 mets;
520 4175 598 4242 item
614 4173 698 4243 inter
713 4177 869 4244 vertieem
886 4155 1031 4244 eiusdem
1046 4173 1166 4241 montis
1177 4173 1352 4242 stulterius
1364 4191 1450 4240 mon·

332 4285 376 4354 tis
386 4293 442 4353 est
457 4283 556 4354 sollis
572 4284 721 4371 quedam,
739 4303 805 4370 que
820 4285 896 4352 lieet
911 4283 954 4352 sit
968 4288 1082 4370 pestus
1098 4281 1259 4368 terarum,
1275 4287 1387 4349 umen
1402 4283 1451 4347 est

333 4401 441 4479 metn5
465 4390 584 4460 deinde
600 4390 704 4459 tendit
718 4392 763 4461 od
778 4393 914 4461 arbores
929 4389 1173 4480 eruoesignstts
1189 4387 1353 4476 usquead
1369 4403 1451 4456 sum·

334 4502 480 4596 mitatem
494 4502 635 4586 montis,
660 4507 696 4568 et
715 4501 763 4569 lbi
778 4507 931 4570 estmete
946 4499 988 4567 de
1004 4505 1095 4567 terre
1110 4507 1220 4568 erecte
1235 4497 1297 4568 sub
1312 4495 1452 4582 quedem
1588 4573 1589 4576 Ἴ

334 4608 468 4706 arbore,
485 4627 548 4692 que
564 4609 741 4695 vulgariter
755 4607 871 4677 dieitur
887 4597 1030 4704 ourtsse3
1055 4611 1090 4675 et
1113 4605 1192 4678 inde
1207 4605 1377 4678 deseendit
1391 4623 1451 4693 per
