3222 5054
725 349 882 454 *224*

769 837 848 902 tte.

287 1025 346 1092 IX
363 1021 502 1112 capey
511 1025 603 1109 popo
618 1015 812 1084 iatdabedtae
826 1036 848 1078 o
862 1015 1014 1080 temtos
1029 1012 1171 1078 bdborttlo
1181 1009 1324 1100 bpytben.

752 1123 852 1189 1232.

351 1308 532 1396 Gregorius
544 1304 728 1392 Episcopus
744 1307 805 1370 etc.
821 1299 1003 1368 venerabili
1019 1298 1112 1368 fratri
1128 1345 1136 1364 .
1153 1346 1161 1362 .
1179 1347 1188 1363 .
1204 1297 1371 1384 Episcopo

243 1417 419 1488 (lauriensi
434 1415 575 1483 salutem
592 1419 653 1479 etc.
671 1409 752 1477 Oum
768 1409 852 1476 sicut
867 1410 901 1474 iu
917 1413 1031 1478 nostra
1047 1405 1370 1494 proposuitipresou-

242 1529 291 1596 tia
306 1525 499 1594 constitutus
514 1521 571 1589 illo
587 1519 777 1606 inspirante,
794 1517 851 1602 qui
867 1519 923 1584 ubi
938 1519 1006 1584 vult
1022 1515 1137 1601 spirat,
1155 1515 1211 1599 qui
1225 1514 1298 1600 pias
1315 1513 1370 1579 bo-

244 1636 366 1702 minum
390 1632 540 1699 actiones
566 1635 599 1696 et
621 1625 801 1713 aspirando
827 1625 976 1713 prevenit
995 1631 1029 1692 et
1044 1623 1249 1710 prosequitur
1273 1621 1371 1690 adiu-

243 1741 372 1826 vando,
398 1755 522 1814 memor
545 1734 716 1802 Dominioe
740 1733 905 1819 passionis
930 1739 964 1798 et
986 1738 1040 1799 tue
1055 1729 1289 1817 redemptionis
1304 1729 1371 1796 exi·

244 1859 335 1918 utens
351 1845 507 1916 vexillum
522 1843 691 1912 salutiiere
707 1841 813 1908 crucis
837 1841 1073 1930 assumpseris,
1100 1845 1132 1907 et
1149 1837 1179 1904 ei
1195 1843 1228 1904 te
1243 1835 1371 1904 voveris

245 1977 305 2043 pro
320 1953 511 2024 ulciscenda
526 1952 597 2018 eius
611 1951 730 2018 iniuria
745 1948 958 2017 laudabiliter
973 1949 1135 2033 militare,
1163 1947 1222 2032 qui
1236 1943 1372 2014 tradidit

246 2063 455 2150 semetipsum
472 2079 532 2146 pro
548 2059 643 2126 nobis
669 2059 868 2126 oblationem
884 2063 919 2124 et
933 2055 1075 2125 hostiam
1091 2055 1163 2124 Deo
1180 2055 1213 2120 in
1229 2053 1373 2120 suavita-

245 2175 289 2240 tis
304 2169 455 2255 odorem;
474 2169 550 2252 quia
565 2169 729 2252 negotium
745 2174 831 2234 terre
848 2167 970 2234 Sancte
987 2149 1071 2234 adeo
1082 2172 1132 2232 est
1141 2161 1289 2252 peccatis
1305 2161 1371 2228 exi-

245 2281 398 2366 gentibus
414 2277 610 2360 intricatum,
628 2275 715 2360 quod
730 2276 775 2344 ad
790 2274 826 2341 id
842 2275 913 2342 sine
930 2273 1071 2360 quodam
1085 2273 1193 2340 medio
1209 2267 1371 2338 nonvide·

246 2393 298 2453 tur
313 2386 435 2453 utiliter
450 2382 686 2451 laborandum:
708 2390 743 2450 tu
759 2383 937 2470 prudenter
952 2384 1135 2468 attendens,
1153 2378 1239 2464 quod
1254 2381 1284 2447 si
1298 2398 1372 2464 pre-

247 2494 391 2562 venisset
407 2491 567 2558 Dominus
582 2497 661 2559 vota
676 2493 860 2578 supplicum
885 2499 919 2560 et
937 2499 1014 2558 ante
1030 2499 1116 2560 terre
1131 2469 1301 2593 orientalis
1318 2507 1372 2554 ex-

248 2599 367 2686 cidium
384 2597 778 2700 §costantinopolitauum
795 2599 972 2685 Imperium
997 2600 1040 2668 ad
1059 2598 1196 2666 Latinos
1212 2616 1233 2662 a
1249 2595 1372 2679 Grecis,

247 2711 334 2777 sient
357 2715 474 2792 postea
499 2708 682 2794 transtulit,
708 2708 931 2775 transtulisset
944 2707 1183 2790 mansissetque
1198 2704 1282 2771 adeo
1298 2703 1372 2770 soli-

248 2817 379 2902 datum,
395 2821 431 2882 ut
445 2835 487 2882 ex
502 2816 594 2882 nulla
609 2822 704 2902 parte
720 2823 827 2884 status
843 2816 914 2883 eius
928 2817 1058 2901 penitus
1073 2813 1264 2896 fluctuaret,
1281 2810 1372 2879 deso-

247 2923 404 2991 lationem
429 2931 514 2991 terre
538 2923 660 2991 Sancte
685 2923 781 2992 hodie
797 2922 934 2992 forsitan
950 2923 1181 2992 christianitas
1196 2941 1262 2989 non
1277 2917 1372 2988 defle-

247 3035 308 3116 ret,
323 3050 364 3098 ac
378 3035 489 3098 votum
504 3037 593 3098 tuum
608 3031 651 3098 de
666 3031 801 3098 licentia
816 3039 930 3099 nostra
946 3037 1169 3108 commutans.
1184 3028 1229 3096 ad
1244 3044 1372 3096 succur·

248 3157 320 3205 sum
336 3135 483 3205 eiusdem
498 3137 631 3224 Imperii
645 3139 722 3206 totis
738 3137 863 3207 viribus
879 3145 913 3206 te
930 3137 1076 3226 exponis.
1102 3135 1198 3204 Unde
1224 3154 1297 3202 oum
1314 3151 1374 3222 per

247 3243 493 3312 subventionem
508 3265 550 3312 ac
566 3245 788 3314 defensionem
814 3245 918 3332 ipsius
935 3243 1068 3332 Imperii
1083 3260 1141 3332 pro
1158 3247 1247 3314 certo
1263 3260 1374 3330 spera

248 3360 301 3420 tur
314 3356 400 3420 terre
416 3353 536 3420 Sancte
552 3351 734 3422 subsidium
759 3353 951 3440 preparari,
977 3355 1173 3440 quicumque
1197 3371 1256 3438 pro
1283 3369 1374 3418 reve·

248 3459 356 3528 tentia
370 3459 450 3528 Jesu
465 3458 585 3528 Christi
600 3459 656 3546 pie
671 3461 816 3548 suspirat
824 3460 869 3530 ad
879 3460 1103 3529 liberationem
1113 3459 1212 3546 illius,
1222 3457 1267 3526 ad
1278 3457 1375 3528 istius

249 3585 376 3652 quome
392 3567 615 3636 defensionem
630 3569 731 3637 debet
746 3567 924 3638 efficaciter
939 3571 1097 3657 aspirare.
1115 3566 1225 3648 Quare
1235 3587 1296 3635 nos
1305 3585 1373 3635 rem

249 3676 321 3742 Deo
337 3675 492 3761 placitam
510 3679 628 3760 exequi
643 3669 847 3764 reputantes,
865 3678 1012 3762 quotiens
1028 3685 1165 3763 urgente
1174 3677 1374 3745 necessitate

247 3789 327 3850 vota
340 3779 483 3848 fidebam
502 3784 550 3850 ita
565 3782 688 3852 utiliter
703 3791 957 3868 commutamus,
973 3791 1008 3852 ut
1024 3789 1221 3852 commutata
1236 3783 1374 3851 fructum

246 3891 379 3977 pariant
403 3891 583 3978 potiorem,
609 3898 827 3960 trecentorum
852 3892 988 3962 militum
1014 3893 1317 3980 crucesignatorum
1331 3890 1374 3958 de

248 3997 396 4081 Ungaria
411 3999 587 4066 volentium
604 3999 652 4066 ire
668 4001 702 4066 in
717 4019 902 4068 succursum
919 4000 1068 4069 eiusdem
1084 3999 1236 4088 Imperii,
1254 4019 1295 4066 ac
1310 3999 1374 4066 sal·

246 4111 313 4172 tem
328 4123 388 4191 per
403 4125 524 4174 annum
540 4106 587 4174 ibi
602 4109 733 4193 morari,
748 4114 826 4176 uota
843 4108 993 4176 duximus
1009 4100 1373 4192 taliter'oommutanda,

247 4220 283 4280 ut
299 4213 453 4280 videlicet
469 4213 575 4281 eidem
592 4215 730 4302 lmperio
748 4217 782 4284 iu
795 4217 944 4303 personis
960 4223 994 4283 et
1008 4217 1107 4284 rebus
1123 4217 1214 4283 iuxta
1223 4211 1373 4301 proprias

246 4319 422 4387 facultates
447 4341 489 4389 ex
513 4323 624 4390 auimo
647 4329 875 4392 succurrentes
900 4323 1072 4392 carissimo
1096 4324 1132 4390 iu
1157 4321 1286 4410 Christo
1304 4319 1372 4387 tilio

247 4429 359 4491 nostro
375 4427 400 4492 L
417 4427 501 4512 Regi
516 4427 642 4495 Illustri
668 4429 702 4496 in
727 4431 963 4514 Imperatorem
978 4429 1373 4516 constantinopolitanum

250 4530 353 4598 electo
369 4531 575 4600 intenderent
589 4543 796 4620 reverenter,
813 4535 890 4602 ituri
906 4537 1042 4603 termino
1050 4586 1060 4621 ,
1086 4555 1185 4622 quem
1199 4537 1286 4604 idem
1301 4535 1372 4602 Rex

250 4633 383 4704 duceret
396 4633 642 4724 prefigendum,
666 4641 848 4708 venerabili
864 4640 959 4708 fratri
973 4649 1086 4710 nostro
1102 4691 1110 4708 .
1128 4690 1136 4708 .
1154 4691 1162 4710 .
1179 4689 1188 4708 .
1207 4641 1371 4728 Episcopo
