3198 5058
169 519 301 622 edhajt,
329 519 432 622 bogy
443 542 532 593 eren
547 515 837 620 gyttjtemenyelr
847 518 973 620 egytdl
989 520 1102 620 egyig
1110 521 1197 620 meg
1207 523 1297 598 eseli

165 645 378 722 keairatban
394 642 555 736 vannalr,
575 640 724 744 melyek
735 640 849 718 beves
860 641 1052 718 kivetellel
1072 669 1094 718 a
1112 645 1291 722 k'ozhasz·

166 772 308 847 nalatra
325 770 454 870 nyitva
472 767 685 844 ninosenelr.
711 767 857 862 ,Tanta
885 815 938 826 -
959 769 1075 845 mond
1094 774 1115 845 ὅ
1135 817 1186 827 -
1208 797 1295 848 eum

169 897 215 972 sit
236 897 542 972 documentorum
561 904 598 968 et
615 904 807 968 auctorum
826 893 1038 969 solennium
1058 897 1213 996 copiast
1232 925 1295 974 va-

172 1023 292 1115 rietas,
311 1046 385 1118 qua
401 1020 503 1095 natio
521 1019 703 1118 Hungara
721 1017 824 1093 nulla
833 1046 911 1094 non
923 1046 1007 1095 cum
1018 1032 1128 1120 gente
1139 1021 1185 1097 de
1194 1023 1295 1123 prin·

174 1146 314 1248 oipatus
333 1146 452 1246 gloria
469 1146 588 1247 possit
607 1144 850 1244 contendere3
878 1147 1076 1222 miraberis
1091 1172 1190 1244 sane,
1213 1150 1294 1224 uni·

174 1297 257 1348 cum
288 1271 467 1346 duntaxat
494 1297 623 1346 eorum
661 1271 760 1372 apud
791 1297 861 1346 nos
889 1273 1046 1348 existere
1074 1273 1297 1351 tabularium

171 1424 282 1473 usus
315 1397 531 1499 publici,
558 1423 673 1498 penes
683 1395 949 1474 bibliothecam
969 1398 1109 1476 scilicet
1126 1401 1298 1484 nationa-¹

173 1525 242 1599 lem
263 1521 841 1625 Sadohenyiano·Regnieolarem
871 1524 1218 1602 pessundantur
1237 1549 1295 1599 ca-

174 1647 298 1748 talogo
331 1648 580 1724 voluminibus
608 1649 725 1724 tribus
743 1673 843 1724 anno
866 1655 980 1726 1814.
1003 1649 1178 1750 Sopronii
1198 1650 1297 1726 edito

171 1777 317 1853 chartae
346 1773 603 1874 diplomaticae
632 1775 752 1848 omnis
770 1775 918 1873 generis
938 1775 1074 1850 diserte
1095 1775 1296 1852 admodum

167 1899 362 1998 multisque
380 1901 527 2000 paginis
556 1900 784 1976 exhibentur.
803 1943 916 1955 --
936 1901 1191 2002 Diplomatum
1210 1929 1296 1980 eon-

169 2026 311 2122 ditoria,
331 2049 489 2124 quorum
507 2051 595 2102 usus
613 2025 922 2128 historiographis
944 2053 1143 2104 concessus
1152 2053 1229 2104 non
1240 2041 1296 2104 est

171 2151 205 2252 (l
225 2150 271 2254 l),
291 2179 335 2228 eo
355 2151 454 2252 apud
482 2150 639 2252 gentiles
653 2163 801 2226 nostros
821 2163 907 2226 sunt
925 2177 1092 2246 numero,
1112 2161 1153 2225 ut
1170 2152 1294 2252 potius

169 2279 248 2354 ubi
277 2275 400 2353 non?
426 2302 538 2375 quarn
565 2274 677 2352 ubi-¹?
704 2277 1015 2376 meritoqueras.“
1041 2275 1236 2377 (XXVIII.
1256 2279 1296 2354 ts

169 2405 311 2480 XXIX.
330 2399 369 2502 l.)
395 2403 466 2504 Igy
485 2401 669 2496 t'ortenik,
700 2401 803 2505 hogy
827 2429 892 2500 ,ea
912 2404 959 2478 sit
977 2402 1295 2506 historiographo-

166 2555 247 2606 rum
276 2529 377 2604 domi
415 2537 563 2604 nostrae
589 2527 850 2602 molestissima
881 2527 1064 2622 conditio,
1099 2543 1146 2630 ut¹
1167 2528 1297 2629 impal-

167 2657 307 2732 lescant
324 2653 410 2730 licet
427 2653 568 2728 diurnis
577 2653 842 2752 nocturnisque
871 2651 1020 2746 studiis,
1051 2655 1296 2755 scriptoribus

169 2789 259 2884 typo
279 2779 461 2880 expressis
480 2780 558 2854 sine
568 2777 832 2880 diplomatibus
852 2779 1006 2880 aliisque
1035 2781 1297 2880 manuscriptis

167 2905 206 2980 in
225 2904 383 2980 historia
396 2903 495 2980 civili
505 2905 850 3006 proficiantparum,
870 2905 910 2979 in
927 2902 1296 2981 Ecclesiasticanihil.

55 3081 58 3086 .
168 3077 218 3090 -
235 3074 275 3086 -
292 3032 510 3107 Necessitati
529 3029 741 3106 huiusmodi
760 3030 962 3106 cultissima
971 3031 1144 3132 Europae
1163 3029 1294 3130 Regna

170 3157 313 3253 Gallia,
342 3157 469 3253 Italia,
493 3156 651 3258 Anglia,
681 3155 903 3250 Germania,
934 3155 1107 3248 Saxonia,
1126 3155 1294 3250 Bavaria,

170 3285 351 3386 Belgium,
372 3285 502 3361 ultima
519 3286 629 3360 etism
638 3285 823 3386 Hispania
841 3281 947 3359 editis
967 3281 1212 3383 diplomatum
1231 3305 1293 3356 co·

171 3411 314 3488 ditibus
325 3422 596 3511 succurrerunt3
634 3437 712 3486 non
739 3406 1012 3486 universalibus
1031 3407 1155 3484 solum
1172 3405 1295 3508 Regni

171 3535 424 3640 diplomtariis,
445 3537 510 3612 sed
528 3536 749 3639 specialibus
767 3536 877 3610 etiam
897 3535 1201 3636 Episcopatuum‚
1219 3531 1295 3608 Ab·

168 3663 373 3758 baliarum,
402 3663 686 3756 coenobiorum,
715 3662 862 3738 urbium
877 3671 943 3738 eto.
967 3659 1194 3762 gloriantur;
1224 3682 1295 3734 nos

168 3788 341 3888 Hungari
360 3813 528 3864 caremus
556 3785 720 3888 singulis.
745 3785 851 3862 Adeo
869 3811 939 3862 nos
960 3811 1104 3888 segnes,
1124 3810 1168 3860 ao
1187 3808 1294 3882 argu·

166 3914 281 3991 menti
299 3913 408 3990 buius
425 3913 587 3991 incurios
605 3911 846 4016 prodidimus.
859 3911 973 4015 Operi
991 3911 1078 3988 huic
1087 3910 1294 4002 desiderato

168 4039 325 4142 prolusit
342 4039 490 4139 quidem
508 4039 592 4116 idea
610 4039 857 4142 diplomatarii
875 4038 1094 4114 universalis
1113 4035 1295 4112 Martinus

168 4163 353 4268 Georgius
369 4166 590 4246 Kovaebioh
608 4167 647 4241 in
667 4193 733 4244 suo
762 4167 935 4242 Instituto
956 4159 1293 4266 Diplomatico-Hi·

168 4292 304 4370 storico
323 4293 352 4368 I.
380 4291 501 4394 Regni
539 4294 774 4394 Hungariae‚
813 4290 1090 4372 sublimioribus
1120 4285 1296 4390 auspiciis

168 4418 345 4518 excitato;
375 4418 440 4495 sed
459 4419 626 4498 laborem
653 4446 723 4498 nec
740 4422 839 4522 ipse,
868 4443 939 4494 neo
958 4416 1050 4492 alter
1068 4415 1175 4511 ullus,
1196 4414 1295 4490 edito

172 4545 393 4648 specimine,
421 4546 628 4646 occupavit.
658 4543 840 4620 Mansit
867 4567 984 4642 ager
1012 4542 1101 4634 hio,
1129 4541 1295 4615 multo-
