3214 5072
653 375 811 484 L

173 569 386 656 appendiciis.
397 572 435 637 ln
450 571 728 660 dratiepiscopnta
742 573 950 660 Suiqocicuci
966 571 1138 639 ecclesiam
1171 574 1291 641 Sancte

174 679 276 745 Maria
293 681 328 746 in
344 681 447 776 Vaga,
465 701 537 747 cum
553 681 701 751 omnibus
717 683 923 768 pertinentiis
940 682 1026 767 suis,
1052 663 1229 750 oratorium
1255 683 1289 750 in

173 785 253 852 villa
268 807 438 872 porcorum
453 789 621 854 custodum
638 789 671 854 in
687 791 771 857 silua
788 791 890 876 Selia,
908 789 1085 884 oratorium
1110 791 1143 856 in
1168 789 1289 876 Digna.

173 891 298 961 Adhec
314 895 407 960 iuxta
423 896 561 978 vestigia
577 899 793 964 antecessoris
819 897 922 964 nostri
943 897 1092 964 Pascalis
1109 897 1213 982 Pape,
1241 916 1289 964 se·

173 1001 314 1068 cundum
331 1001 418 1085 qnod
434 1021 455 1068 a
469 1003 566 1068 beate
581 1003 731 1070 memorie
747 1004 913 1091 Stephano
939 1007 1030 1087 Rege
1055 1011 1211 1072 statutum
1232 1009 1292 1088 est,

171 1107 319 1192 presenti
334 1108 505 1194 priuilegio
521 1110 704 1194 statuimus,
722 1117 757 1176 ut
771 1112 851 1178 nulli
864 1113 1002 1197 Regum,
1021 1112 1101 1178 nulli
1117 1111 1289 1194 Comitum,

173 1215 257 1280 nulli
287 1216 535 1302 Episcopornm,
563 1217 645 1284 nulli
676 1221 829 1302 cuiquam
859 1221 917 1286 alii
934 1219 976 1285 de
1002 1221 1111 1298 rebus,
1137 1239 1200 1304 qne
1224 1221 1292 1286 iam

173 1322 262 1389 dicto
278 1325 477 1393 monasterio
492 1323 613 1391 collate
629 1333 705 1392 sunt
729 1334 762 1394 et
785 1328 966 1410 commisse,
991 1328 1044 1393 uel
1069 1326 1103 1394 in
1127 1333 1292 1414 posterum

176 1433 335 1499 canonice
346 1431 556 1515 consuenda,
579 1433 721 1499 minuere
737 1432 845 1519 liceat,
863 1435 916 1500 uel
931 1433 1079 1514 aufferre,
1095 1437 1148 1502 uel
1162 1435 1293 1504 ablatas

171 1539 324 1608 retinere.
337 1533 465 1607 (triana
480 1558 568 1620 uero,
584 1541 688 1608 oleum
705 1559 842 1628 sacrum,
858 1543 1124 1610 consecrationes
1141 1543 1292 1609 altarium

174 1665 231 1712 sen
261 1647 481 1732 basilicarum,
522 1648 740 1716 ordinationes
766 1651 997 1718 monachorum
1040 1657 1073 1716 et
1101 1650 1292 1718 olorinorum

172 1761 361 1840 uestrorum,
378 1756 434 1838 qui
449 1753 494 1820 ad
508 1775 618 1822 sacros
634 1757 763 1825 ordines
780 1756 1132 1844 luerintpromcnendi,
1148 1777 1169 1822 a
1185 1757 1291 1824 dioce-

173 1873 256 1932 sano
289 1865 474 1949 suscipietis
505 1865 678 1950 Episcopo,
711 1867 739 1930 si
771 1865 902 1949 quidem
927 1866 1120 1934 Oatholicus
1135 1866 1244 1950 fuerit,
1261 1873 1295 1945 et
1328 1897 1331 1904 ·

173 1973 314 2058 gratiam
339 1980 438 2054 atque
463 1973 717 2039 communionem
734 1974 921 2059 Apostolice
938 1973 1038 2040 Sedis
1063 1972 1235 2058 habuerit,
1261 1979 1293 2063 et

177 2102 217 2149 ea
233 2081 339 2168 gratis
357 2089 389 2148 et
404 2083 527 2164 absque
542 2085 704 2166 pueritate
720 2083 832 2168 aliqua
847 2081 940 2150 vobis
961 2083 1102 2149 noluerit
1126 2081 1291 2148 exhibere.

121 2253 125 2260 ,
173 2189 328 2274 Alioquin
344 2189 444 2256 liceat
459 2189 551 2256 vobis
568 2210 790 2274 quemcunque
798 2191 977 2258 malueritis
996 2190 1088 2258 adire
1104 2191 1294 2278 antistitem,

174 2299 229 2383 qui
244 2299 395 2366 nimirum
410 2305 522 2364 nostra
537 2299 637 2364 fultus
653 2301 860 2384 auctortiate,
886 2299 972 2381 quod
989 2299 1171 2388 postulatur
1187 2297 1293 2367 indul·

173 2416 261 2492 geat.
286 2405 404 2472 Liceat
428 2407 527 2472 etiam
551 2407 644 2474 vobis
661 2401 781 2474 liberas
798 2414 831 2474 et
846 2407 1021 2473 absolutas
1032 2397 1192 2492 personas
1209 2426 1228 2471 e
1245 2423 1293 2472 se·

138 2521 146 2538 ⁸
173 2517 246 2580 culo
260 2515 423 2598 fugientes
439 2517 482 2582 ad
498 2513 745 2580 conuersioneln
761 2515 917 2601 recipcre,
934 2525 966 2582 et
987 2516 1021 2580 in
1048 2521 1158 2582 nestro
1183 2532 1293 2579 mona-

173 2621 274 2687 sterio
292 2622 428 2704 ¹absquo
460 2619 715 2688 contradictione
747 2623 859 2706 aliqua
891 2623 1042 2691 retinere.
1079 2613 1294 2688 Prohibemns

173 2730 317 2814 insuper,
343 2717 382 2794 ut'
403 2727 485 2795 nulli
510 2729 649 2820 fratum,
678 2737 865 2814 vasconum,
895 2737 971 2816 post
1003 2729 1125 2796 tactam
1156 2728 1189 2794 in
1219 2730 1293 2795 loco

173 2845 282 2905 vestro
298 2837 545 2926 professionem,
562 2835 614 2904 ias
640 2840 682 2905 sit
710 2840 749 2905 de
778 2839 892 2906 eodem
916 2842 986 2924 locq
1012 2841 1136 2923 absque
1160 2837 1293 2903 licentia

172 2945 312 3013 Abbatis
328 2945 380 3011 sui
412 2935 598 3030 discedere3
623 2943 826 3013 discedentes
842 2965 920 3014 vero
936 2943 1060 3027 absque
1077 2941 1292 3010 communium

173 3054 355 3119 litterarum
371 3060 555 3119 uestrarum
571 3055 730 3136 cantione,
747 3052 812 3119 nisi
827 3053 960 3118 obtentu
985 3052 1135 3120 arctioris
1159 3051 1291 3136 religio·

172 3164 236 3246 nis,
247 3160 487 3227 nullusaudcat
503 3161 652 3226 retinere.
663 3159 840 3228 Monaches
863 3161 961 3227 etiam
977 3167 1009 3225 ct
1025 3157 1306 3252 sanctimoniales

175 3269 280 3336 eidem
302 3269 499 3335 monasterio
525 3268 694 3351 subjectas
724 3271 794 3335 sine
826 3269 1054 3350 cuiuscunque
1075 3265 1294 3358 prohibitione

174 3377 269 3443 uobis
285 3377 386 3442 liceat
397 3375 558 3460 judicare.
582 3376 927 3462 Baptismum-quoqne
951 3393 1009 3460 per
1034 3373 1192 3440 eeclesias
1217 3373 1293 3438 illas

175 3484 246 3551 lieri
271 3483 487 3566 concedimus,
514 3483 687 3566 inquibus
714 3505 755 3550 ex
780 3494 875 3549 more
893 3483 982 3549 soliti
1008 3477 1087 3548 estis
1114 3479 1291 3563 antiquitus

177 3591 298 3658 facere.
322 3591 412 3680 Nulli
429 3611 555 3674 qnoque
576 3593 812 3678 Episcoporum
831 3589 932 3656 liceat
947 3591 980 3655 in
996 3589 1062 3654 iam
1077 3589 1162 3654 dicto
1177 3607 1287 3653 mona·
1315 3637 1317 3644 ι

168 3701 275 3766 vsterio
286 3697 510 3786 ordinationes
526 3700 650 3783 facere,
670 3718 729 3766 scu
743 3701 861 3766 missas
872 3697 1019 3784 publicas
1035 3695 1212 3779 celebrare,
1225 3695 1291 3761 nisi

177 3808 219 3876 ab
236 3807 367 3874 Abbate
396 3805 551 3874 inuitatus
583 3807 689 3893 luerit,
721 3806 773 3873 vel
799 3809 833 3873 in
859 3805 1011 3873 ecclesiis
1042 3805 1150 3871 eidem
1181 3821 1321 3890 mona,

177 3918 275 3984 sterio
291 3915 449 4005 subjectis
464 3895 674 3983 sacordotem'
685 3917 974 3998 excommunicare,
993 3915 1046 3980 uel
1070 3913 1233 3979 Abbatem
1258 3893 1315 3976 ets

176 4024 354 4093 monachos
371 4024 415 4090 ad
439 4023 599 4111 synodum
613 4021 705 4091 suam
733 4041 860 4090 uocare.
885 4022 1019 4090 Decime
1043 4040 1122 4089 uero
1147 4015 1291 4086 Semoni·
1341 4109 1343 4116 γ

176 4133 263 4200 ensis
277 4131 446 4214 territorii,
463 4151 547 4215 quas
563 4153 605 4198 ex
620 4131 829 4198 concessione
846 4131 982 4216 predicti
1007 4129 1107 4213 Regis
1131 4129 1288 4192 monaste·

176 4239 260 4307 rium
275 4235 419 4306 uestrum
435 4261 493 4327 per
510 4239 722 4324 qnadraginta
743 4259 846 4305 annos
871 4237 985 4320 tenuit,
1010 4244 1043 4303 et
1067 4235 1133 4300 alie
1157 4251 1288 4299 conces·
1350 4290 1353 4298 .

178 4347 299 4431 aiones,
325 4365 409 4432 quas
434 4367 493 4434 pro
524 4348 660 4414 tuitione
690 4349 796 4434 patrie
826 4345 879 4412 ¹uel
910 4349 997 4410 statu
1030 4339 1143 4424 Regni,
1167 4333 1201 4407 et
1229 4357 1289 4424 pro

179 4461 353 4541 augmento
368 4453 444 4522 fidei
460 4457 563 4522 Beato
580 4455 718 4524 Martino
734 4453 903 4538 concessit,
919 4451 1010 4517 firme
1025 4449 1117 4517 vobis
1133 4453 1166 4515 et
1179 4465 1288 4514 mona-

175 4567 271 4632 sterio
287 4570 398 4631 nestm
415 4571 448 4629 et
463 4563 589 4630 illibate
605 4569 825 4648 permaneant.
844 4561 896 4626 Ad
920 4561 982 4626 hec
998 4559 1134 4640 mitram,
1161 4545 1287 4640 uirgam

176 4673 387 4761 pastoralem,
417 4673 558 4756 anulum,
590 4679 623 4739 et
653 4671 719 4736 alia
748 4671 900 4754 insignia,
925 4687 987 4752 que
1017 4690 1038 4736 a
1069 4664 1286 4750 quadraginta
