3222 5054
726 831 804 898 ror.
859 916 863 926 ι

199 981 371 1073 rassae
387 1007 494 1095 kircly
517 1032 538 1072 a
559 1008 790 1096 ponnooholori
807 1015 1045 1078 cacat-mortona·
1059 1017 1224 1102 apdtsdpot
1238 992 1323 1082 ssent

244 1116 352 1182 Jokat
368 1115 600 1203 kctpoladjdcal
616 1119 647 1181 ca
655 1114 1062 1207 jiildeicclcdomooyozaa
1076 1145 1152 1208 meg.
1180 1123 1277 1189 1230.

304 1295 456 1362 Andreas
470 1293 535 1360 Dei
559 1295 673 1379 gracia
692 1295 835 1380 Vngarie
851 1299 922 1362 Rex
939 1299 1091 1366 omnibus
1108 1299 1323 1388 Christicolis,

199 1399 242 1466 ad
257 1421 339 1484 quos
355 1402 463 1468 littere
478 1410 650 1487 presentes
665 1404 882 1487 peruenerint,
901 1405 1041 1472 salutem
1057 1407 1091 1475 in
1107 1409 1260 1477 Domino.
1270 1408 1322 1474 Ad

177 1499 421 1576 'uniuersorum
437 1507 591 1576 noticiam
606 1511 813 1593 presencium
828 1517 944 1580 tenore
964 1517 1113 1582 uolumus
1137 1517 1332 1600 peruenire.

198 1616 285 1701 quod
301 1636 361 1684 nos
376 1635 436 1703 pro
452 1617 633 1684 stabilitate
651 1618 756 1703 Regni
771 1619 891 1704 nostri,
909 1627 941 1685 et
957 1642 1016 1707 pro
1033 1625 1139 1690 salute
1155 1632 1267 1690 nostra
1284 1643 1323 1690 ac

197 1723 334 1793 filiorum
359 1731 562 1809 nostrorum,
588 1735 620 1792 et
645 1723 784 1793 maxime
806 1727 848 1794 ad
865 1728 1060 1796 instanciam
1078 1737 1111 1797 et
1127 1731 1323 1816 peticionem

196 1830 338 1901 fidelium
361 1840 563 1918 nostrorum,
591 1835 745 1902 videlicet
761 1835 838 1902 Vrie
852 1835 991 1902 Abbatis
1008 1838 1120 1904 Sancti
1136 1837 1266 1905 Martini
1281 1838 1323 1904 de

196 1943 299 2010 Sacro
319 1943 426 2010 Monte
443 1943 611 2008 Pannonio
628 1950 661 2009 et
677 1941 812 2009 fratrum
840 1943 911 2028 ejus
921 1992 930 2026 ,
958 1935 1121 2032 capellam
1138 1946 1251 2013 Sancti
1267 1947 1323 2012 la

197 2053 271 2119 cobi
296 2049 336 2116 dc
362 2049 522 2133 Heremo,
547 2070 610 2135 qne
635 2071 695 2138 per
720 2051 922 2135 quorundam
938 2053 1103 2120 maliciam
1119 2061 1151 2119 et
1167 2051 1323 2120 inuidiam

197 2161 367 2228 combusta
383 2165 415 2224 et
430 2160 597 2226 destructa
614 2159 728 2238 fuerat,
748 2161 901 2228 iussimus
919 2159 1123 2228 rehediticari
1139 2181 1198 2246 per
1213 2159 1322 2228 Abba·

196 2275 260 2336 tem
288 2277 321 2336 et
344 2267 465 2334 fratres
491 2269 765 2354 suprascriptos,
793 2273 826 2334 et
842 2267 980 2335 eandem
996 2269 1193 2337 Monasterio
1211 2267 1323 2334 Sancti

195 2377 328 2445 Martini
345 2393 444 2460 supra
461 2377 601 2442 llontcm
617 2376 785 2442 Pannonia
802 2377 864 2443 sito
877 2379 1071 2444 contulimus
1082 2361 1322 2463 perpetcopos·

195 2485 378 2552 sidendam.
411 2484 451 2550 Et
467 2484 550 2549 utin
566 2483 681 2551 eadem
699 2483 828 2569 capella
845 2485 997 2551 monachi
1024 2492 1056 2551 et
1075 2484 1231 2563 heremite
1247 2503 1321 2570 pos-

196 2595 261 2661 sint
277 2592 398 2677 degere
413 2611 453 2658 ac
464 2592 651 2675 sustentari,
662 2592 743 2676 ipsis
754 2593 795 2659 de
806 2599 894 2657 terra
911 2593 1054 2658 ciuilium
1065 2591 1321 2678 Symigiensinm

196 2721 235 2769 ac
251 2699 528 2782 odwomicornm,
545 2719 607 2766 nec
623 2719 689 2767 non
705 2717 882 2784 preconum
898 2707 1101 2784 nostrorum,
1128 2699 1321 2767 contulimus

195 2819 316 2878 terram
339 2827 400 2893 per
424 2803 554 2874 fidelem
577 2813 722 2872 nostrum
738 2804 947 2894 Nycholaum
963 2806 1121 2876 Comitem
1137 2807 1321 2874 Musanian-

196 2937 264 2984 sem
281 2915 516 3000 assignandam
533 2914 576 2980 ad
593 2915 658 2981 duo
675 2922 785 2982 aratra
802 2915 863 2982 hoe
880 2916 974 2983 modo
983 2969 993 3004 ,
1020 2918 1108 3000 quod
1124 2915 1164 2982 de
1181 2915 1320 3000 singulis

194 3024 368 3111 generibus
384 3024 550 3090 hominum
566 3043 665 3108 supra
681 3024 873 3108 scriptorum
890 3025 1046 3091 iussimus
1063 3025 1141 3092 dare
1154 3025 1321 3110 octoginta

195 3135 309 3219 iugera
332 3139 502 3198 terrarum.
528 3131 571 3198 Vt
597 3139 703 3198 autem
722 3131 782 3197 hec
797 3137 911 3198 nostra
928 3131 1065 3197 donacio
1081 3139 1240 3216 perpetue
1255 3137 1321 3198 sta·

195 3241 333 3310 bilitatis
349 3241 447 3308 robur
461 3239 574 3307 ualeat
599 3239 764 3323 obtinere,
789 3231 974 3325 presentem
1001 3240 1156 3325 paginam
1181 3237 1321 3322 duplicis

194 3349 294 3436 sigilli
310 3349 412 3415 nostri
428 3349 604 3416 munimine
621 3348 772 3416 iussimus
789 3346 947 3414 roborari.
974 3347 1092 3412 Datum
1120 3365 1178 3430 por
1204 3361 1321 3412 manns

194 3457 344 3544 magistri
360 3439 448 3523 P'etri
474 3459 548 3524 aule
573 3467 682 3524 nostre
701 3455 996 3540 Uice-Cancellarij
1014 3473 1054 3520 ac
1071 3454 1224 3520 Albensis
1240 3453 1317 3522 Pre-

194 3567 312 3652 positi,
338 3585 424 3632 anno
448 3563 547 3632 'Verbi
574 3567 743 3634 Incarnati
759 3561 977 3632 M.OO.XXX.
993 3561 1098 3647 Regni
1114 3561 1217 3628 nostri
1232 3581 1319 3629 anno

193 3675 351 3744 vicesimo
368 3675 517 3759 septimo.

349 3887 493 3963 (Eredetic
512 3905 530 3946 a
547 3887 762 3948 smne-meconi
779 3885 933 3962 titapttstg
949 3885 1168 3957 levdlttrtban.)

631 4153 878 4165 ——nn—nu———n
