3214 5066
658 745 749 866 ιιι.Ι

144 973 410 1064 Apuanontatmi
427 977 660 1042 esca-metrani
667 979 802 1065 apritcdp
812 973 936 1063 Nynloe
946 972 1066 1065 helpeep
1077 974 1258 1043 iirtoiccibaa

442 1082 575 1172 bircilup
591 1085 760 1152 cristttctiie
775 1106 850 1172 ancy.
868 1085 963 1149 1222.
1310 1099 1313 1106 “

250 1265 287 1331 In
313 1265 443 1332 nomine
468 1264 587 1333 Sancte
613 1263 784 1333 Trinitatis
810 1269 841 1334 et
866 1264 1038 1333 indiuidua
1054 1262 1204 1332 Unitatis.
1219 1228 1404 1440 Βΰο.
1503 1239 1504 1242 ¹

12 1431 15 1444 .
66 1411 70 1422 ·
107 1420 113 1428 .
143 1371 206 1440 Dei
221 1370 337 1456 gracia
352 1373 538 1459 Prepesitns
555 1378 588 1439 et
602 1373 786 1458 Capitulum
802 1373 950 1442 Ecclesia
966 1370 1176 1441 Geurinensis
1190 1372 1258 1438 uni-

144 1481 251 1548 uersis
265 1487 449 1567 presentem
465 1483 620 1567 paginam
636 1482 830 1568 inspecturis
845 1483 985 1549 salutern
1001 1483 1034 1548 in
1051 1501 1109 1567 eo,
1126 1481 1181 1567 qui
1196 1481 1258 1546 sal-

144 1595 201 1654 uat
225 1585 261 1655 in
286 1608 322 1657 se
349 1597 527 1675 sperantes.
558 1591 718 1672 Quoniam
737 1591 840 1658 omnis
855 1590 997 1657 humana
1012 1587 1259 1658 accio'labente

143 1696 301 1785 temporis
318 1697 437 1766 circuio
454 1698 565 1784 effugit
576 1714 608 1766 et
618 1699 845 1786 adnichilatae,
857 1699 1022 1784 sagacitas
1032 1699 1172 1766 uirorum
1187 1717 1258 1784 pru-

144 1805 276 1873 dentum
302 1807 387 1874 solet
410 1826 467 1874 eas
491 1823 550 1894 per
573 1805 701 1876 litteras
726 1815 883 1887 eternarc.
914 1808 1062 1874 Noscant
1080 1807 1177 1892 igitur
1192 1813 1260 1871 tam

143 1922 317 2000 presentes
334 1933 430 1998 quarn
445 1917 576 2000 posteri,
588 1917 673 1999 quod
683 1916 850 1984 Jaoinctus
860 1915 1047 2001 prestaldu
1056 1913 1165 2000 Regis,
1175 1911 1260 1980 filius

145 2023 279 2091 Corneli
304 2024 342 2088 de
366 2020 447 2092 uilla
473 2024 569 2107 Dugu
583 2023 628 2092 ad
645 2043 705 2090 nos
720 2023 854 2090 ueniens
872 2021 966 2090 nobis
981 2023 1059 2090 uiua
1074 2042 1156 2089 uoce
1171 2039 1260 2088 asse
1387 2049 1399 2069 ·

12 2173 13 2180 κ
144 2131 246 2199 nendo
263 2115 517 2216 demonstravit,
534 2133 622 2216 quod
638 2153 709 2201 cum
725 2139 802 2200 ante
818 2117 980 2200 Curiai'em
998 2131 1154 2199 Comitem
1171 2130 1261 2196 Salo-

12 2285 14 2338 3
144 2259 276 2306 monem
301 2239 343 2306 lis
367 2245 454 2307 esset
476 2247 548 2308 orta
572 2242 654 2308 inter
677 2240 837 2310 Abbatem
863 2239 974 2308 Sancti
993 2237 1124 2306 Martini
1139 2257 1180 2306 ex
1195 2257 1261 2304 una

12 2353 14 2362 ‘
144 2355 239 2434 parte
255 2343 287 2416 et
302 2347 492 2430 iobagiunes
508 2350 723 2416 Musunicnsis
740 2349 839 2416 castri
852 2369 894 2414 ex
904 2350 1009 2416 altera
1019 2367 1077 2434 pro
1088 2345 1261 2416 terrauille

145 2456 249 2522 Nulos
261 2438 301 2521 'et
317 2455 385 2523 eius
401 2455 584 2524 hominibus
595 2456 751 2542 „Abbatc
767 2461 967 2542 proponente
976 2505 986 2542 ,
1012 2455 1099 2540 quod
1114 2454 1261 2521 dominus
1381 2442 1383 2446 ’

146 2565 218 2631 Rex
233 2571 355 2630 terram
370 2565 460 2634 iilam
477 2585 548 2632 cum
564 2565 747 2632 hominibus
758 2565 904 2633 Ecclesia
920 2584 979 2632 suc
994 2565 1028 2632 in
1044 2584 1261 2652 reconpensa-
1358 2582 1364 2595 “

147 2673 274 2742 cionem
290 2672 407 2758 predii,
424 2675 510 2759 quod
520 2676 632 2742 Kncsa
647 2681 790 2752 uocatur,
805 2674 967 2760 decussa
984 2673 1137 2761 predictis
1154 2680 1264 2740 autem

148 2780 375 2868 iobagionibus
392 2783 701 2868 contradicentibus,
729 2785 815 2866 quod
839 2801 900 2850 nec
923 2783 1069 2850 homines
1094 2782 1185 2865 iilos,
1202 2799 1263 2846 nec

148 2901 268 2960 terram
292 2910 403 2958 eorum
428 2893 499 2958 Rex
523 2893 670 2960 conferre
693 2893 870 2978 potuisset,
894 2911 968 2958 cunr
984 2889 1041 2976 fiiij
1058 2889 1264 2972 iobagionum

147 2999 262 3070 suncti
287 2999 447 3084 Stephani
471 2999 572 3085 Regis
597 3000 680 3084 sint;
707 2999 821 3067 Comes
846 2999 1051 3085 supradictus
1075 2997 1265 3082 iubagiones

149 3106 374 3174 Musunicnses
389 3105 432 3174 ad
446 3111 682 3175 sacramentum
693 3109 856 3194 poenitui
871 3112 994 3193 septem
1010 3127 1051 3174 ex
1067 3105 1114 3174 eis
1132 3105 1164 3174 in
1180 3105 1264 3172 testo

149 3214 263 3283 Sancti
278 3211 407 3282 Nicolai
431 3214 464 3280 in
488 3215 639 3283 Ecclesia
663 3223 775 3282 nostra
799 3235 856 3302 pro
881 3215 1031 3282 libertate
1050 3213 1266 3322 preoictorum
1386 3221 1387 3226 ’

149 3321 314 3392 hominum
339 3329 577 3392 sacramentum
601 3329 809 3412 prestarent,⁸
829 3322 863 3388 in
887 3343 950 3406 quo
965 3321 1116 3390 videlicet
1130 3320 1265 3388 termino
1377 3403 1378 3408 ἵ
1434 3407 1452 3428 ἢ

151 3451 223 3500 cum
239 3429 417 3500 monachus
433 3431 581 3518 notatis,
607 3439 640 3498 ct
655 3431 795 3501 curialis
821 3431 937 3500 Comes
962 3450 1057 3517 suus,
1085 3430 1178 3500 simul
1195 3449 1265 3496 cnm

150 3541 318 3626 prestaldo
342 3539 487 3627 predicto
512 3541 557 3608 ad
580 3539 798 3629 recipiendum
825 3546 1060 3608 sacramentum
1090 3538 1123 3608 in
1154 3543 1268 3606 nostra
1354 3573 1357 3576 ·
1415 3593 1420 3605 .

150 3650 324 3735 presencia
338 3669 375 3718 se
388 3657 633 3737 presentassent
642 3699 652 3736 ‚
674 3649 737 3718 duo
761 3655 886 3718 tantum
902 3668 943 3716 ex
958 3646 1184 3735 iobagionibus
1200 3645 1267 3713 Mu·

151 3757 358 3826 curiensibus
383 3758 560 3857 affuerunt,
586 3759 640 3843 qni
664 3759 795 3827 minime
816 3765 1054 3828 sacramentum
1071 3757 1119 3824 eis
1134 3755 1268 3842 prebue-

151 3873 235 3951 runt,
252 3865 481 3952 dieentestam
496 3887 537 3936 ex
552 3873 647 3955 parte
663 3887 724 3936 sua
743 3887 839 3952 quam
855 3887 896 3935 ex
913 3873 1006 3954 parte
1019 3867 1177 3936 sociorum
1193 3883 1266 3934 suo·

151 3995 231 4061 rum,
249 3975 336 4044 malo
353 3978 424 4048 zelo
440 3987 555 4046 contra
569 3967 734 4045 Abbatcm'
746 3993 805 4064 pro
821 3997 921 4062 supra
936 3978 1119 4046 memoratis
1133 3972 1267 4042 homini·

152 4083 213 4151 bus
239 4083 359 4153 fecisse
383 4085 594 4170 questionem.
620 4087 662 4153 Et
678 4086 726 4154 sic
742 4105 781 4154 eo
799 4085 913 4154 ordine
929 4087 1076 4173 predicta
1092 4091 1180 4152 terra
1195 4102 1267 4150 cum

153 4195 273 4278 populo
286 4193 431 4262 Ecclesie
443 4196 555 4264 Sancti
566 4195 694 4264 Martini
710 4201 868 4281 perpetuo
886 4195 1043 4263 remansit
1057 4191 1265 4282 possidenda.

153 4301 294 4368 Nomina
317 4321 393 4369 vero
417 4303 579 4372 hominum
603 4306 643 4372 de
667 4303 815 4390 predicta
839 4305 919 4374 uilla
943 4305 1069 4372 scilicet
1091 4299 1194 4368 Nulos
1208 4300 1269 4368 hcc

155 4415 246 4476 sunt:
266 4411 374 4496 segc,
391 4411 537 4498 Vilmod,
565 4413 675 4480 Oskett
685 4464 693 4498 ,
719 4415 848 4500 Prugcy
864 4419 936 4479 eum
953 4411 1050 4478 fratre
1066 4403 1143 4495 suo,
1170 4407 1267 4490 Geke,

156 4516 276 4589 Forcos
292 4517 481 4591 cumfratre
497 4541 566 4608 suo,
585 4523 699 4588 Petrus
718 4541 788 4588 eum
805 4520 905 4589 fratre
921 4542 980 4589 suo
989 4571 998 4606 ,
1014 4521 1100 4587 Bous
1116 4539 1188 4587 eum
1203 4517 1267 4583 ira·

157 4635 205 4698 tre
220 4649 279 4700 suo
289 4679 298 4716 ,
323 4627 417 4698 Mech
433 4650 503 4700 cum
519 4629 620 4702 fratrc
635 4651 694 4700 suo
703 4679 713 4719 ‚
739 4630 857 4701 Cumur
880 4651 951 4700 cum
972 4629 1165 4716 fratremn,
1190 4625 1270 4709 Och,
