3214 5072
635 287 791 390 Q

154 488 185 553 iu
210 483 339 568 iudicio,
366 485 436 550 siue
467 489 561 551 extra
592 483 746 550 iudicium
777 483 925 568 legitima
956 495 1126 572 geruntur,
1157 492 1267 562 literis

155 592 424 675 commendentur,
442 609 577 674 quarum
593 589 709 673 officio,
727 609 789 674 que
804 611 961 676 processu
983 600 1161 682 temporum
1186 620 1267 684 pau·

154 702 243 768 latim
260 701 414 785 elabitur,
439 689 567 782 fugiens
583 699 740 786 memoria
755 707 937 767 reuocetur.
961 701 1079 770 Notum
1104 706 1147 774 sit
1173 707 1272 792 igitur

38 901 40 904 Ι
153 817 216 876 tam
231 809 441 895 presentibus
457 827 554 894 quam
571 808 699 892 futuris,
718 808 804 891 quod
813 809 988 878 sinceritas
1005 814 1108 896 pacis,
1136 833 1199 896 que
1223 817 1271 880 in·

152 926 199 984 ter
214 916 414 988 monasteria
429 916 524 982 Beati
547 915 745 994 Mammida
770 918 943 984 Pannonia
968 913 1001 994 et
1025 921 1136 987 Sancti
1161 921 1270 1005 Bgidii

153 1026 193 1094 de
207 1027 356 1114 Symigio
373 1023 482 1091 causis
500 1023 739 1110 emergentibus
756 1023 874 1090 dudum
889 1025 990 1092 tuerit
1013 1028 1144 1113 uiciate,
1163 1037 1200 1094 ut
1213 1029 1269 1096 de·

153 1135 248 1202 tersis
267 1133 535 1200 contencionibus
551 1134 584 1198 iu
601 1132 772 1218 pristinum
795 1131 954 1220 deinceps
980 1141 1100 1202 statum
1127 1136 1273 1202 restitue·

154 1247 250 1325 retur,
268 1241 353 1307 inter
369 1243 459 1325 ipsos
476 1237 729 1324 dispensatores,
750 1239 913 1306 abbatem
929 1241 1082 1308 uidelicet
1098 1242 1217 1328 Vriam,
1236 1233 1272 1311 et

153 1349 314 1416 Abbatem
332 1347 515 1414 Gilbertum
531 1365 603 1412 cum
629 1367 759 1414 suorum
785 1335 998 1414 concentuum
1023 1349 1175 1435 legitimo·
1198 1372 1272 1420 eon-

151 1477 250 1526 sensu
276 1456 452 1539 conuenit,
478 1461 510 1520 ut
536 1455 702 1522 iohannes
728 1455 970 1548 Strigoniepsis
988 1458 1272 1546 Archiepiseopns,

151 1587 210 1633 nec
225 1585 292 1632 non
307 1565 424 1632 (tomes
442 1563 615 1630 Tiburcius
640 1563 725 1628 iuter
743 1564 834 1648 ipsos
859 1548 1076 1630 amicabiliter
1102 1587 1273 1654 compone-

151 1679 230 1741 rent.
255 1670 447 1763 Qonstitutis
477 1671 576 1754 igitur
601 1670 747 1756 partibus
772 1671 806 1736 iu
830 1665 1081 1756 compositorum
1095 1675 1272 1759 presentia,

155 1791 185 1850 et
209 1779 285 1844 hinc
311 1778 388 1844 inde
414 1779 592 1870 propositis
618 1779 719 1845 uariis
744 1776 982 1844 dissensionum
1009 1781 1128 1864 causis,
1154 1783 1272 1850 ceteris

156 1889 337 1956 adinuieem
368 1887 430 1954 sibi
459 1888 616 1971 remissis,
648 1885 707 1953 sub
738 1893 874 1968 quatuor
900 1888 1046 1954 articulis
1080 1871 1183 1956 totam
1209 1910 1269 1958 sue
1312 1947 1317 1960 ,

159 1995 373 2063 dissensionis
414 1995 583 2062 materiam
616 1994 849 2060 concluserunt.
892 1986 1151 2066 Derementibus
1179 1997 1278 2083 igitur
1397 2033 1399 2038 ·

156 2104 249 2171 dictis
266 2103 535 2188 compositoribus
551 2103 701 2170 conuenit
716 2103 798 2168 inter
814 2109 935 2189 partes,
961 2109 998 2170 ut
1020 2105 1133 2172 Abbas
1159 2107 1275 2174 Sancti

157 2211 265 2296 Egidii
281 2213 323 2280 de
339 2211 467 2278 decima
482 2212 559 2294 vini,
577 2211 663 2296 quod
690 2212 871 2278 aunuatim
882 2213 915 2278 in
941 2212 1108 2280 cellarium
1133 2215 1272 2302 Symigi-

158 2339 233 2388 ense
249 2319 293 2386 ad
308 2339 402 2386 usum
416 2320 549 2386 fratrum
565 2317 708 2401 infertur,
726 2319 914 2403 octuaginta
928 2320 1042 2407 ydrias
1059 2320 1273 2409 Symigiensis
1308 2393 1309 2398 ,

157 2429 336 2496 Comitatus
347 2447 405 2514 pro
422 2429 509 2493 bono
526 2427 620 2511 pacis
636 2423 821 2511 deduceret,
838 2429 932 2494 saluo
944 2428 1019 2513 jure
1044 2427 1271 2496 decimationis

160 2537 308 2604 Ecclesia
324 2537 421 2604 Beati
435 2535 618 2600 Martiniin
634 2535 769 2617 reliquo,
785 2541 818 2602 et
834 2534 866 2600 in
883 2537 1000 2604 ceteris
1017 2536 1157 2604 cellariis
1173 2538 1277 2624 Symi-

157 2644 278 2728 giensis
294 2643 452 2711 Beclesie.
480 2644 563 2709 Item
585 2661 655 2708 cum
680 2642 793 2710 Abbas
819 2644 934 2711 Sancti
959 2644 1093 2710 llartiui
1116 2645 1166 2711 ius
1190 2645 1273 2712 deci-

158 2754 308 2820 mationis
335 2752 461 2840 capelle
487 2751 585 2820 Beati
610 2751 698 2818 Petri
723 2751 756 2816 in
787 2750 906 2836 oppido
938 2752 1137 2838 Symigiensi
1166 2759 1273 2841 preter

158 2870 305 2946 quamam
323 2861 367 2926 ad
383 2880 478 2926 suum
494 2859 727 2925 monasterium
752 2859 916 2944 pertinere
940 2869 1146 2947 proponeret,
1172 2861 1273 2930 infici·

160 2979 233 3037 ante
250 2974 380 3056 penitus
396 2974 490 3056 parte
506 2968 657 3050 aduersa,
673 2965 771 3032 immo
787 2966 866 3032 iuris
882 2969 1069 3036 monasterii
1092 2968 1273 3055 Symigien·

160 3082 201 3147 sis
218 3099 294 3146 esse
310 3079 343 3144 in
359 3075 496 3144 solidum
513 3082 699 3142 constanter
724 3081 915 3160 asserente,
939 3073 1018 3142 dicti
1043 3064 1274 3161 compositores

160 3209 229 3256 cum
245 3191 415 3254 uoluntate
431 3186 581 3271 porcium
611 3183 733 3250 Abbati
755 3185 853 3256 ¹Beati
877 3185 1011 3270 Martini
1037 3193 1275 3252 sacramentnm

159 3299 355 3379 detuleruut;
379 3296 425 3360 ita
440 3301 562 3376 tamen,
577 3299 613 3358 nt
627 3293 656 3356 si
672 3289 752 3357 illud
769 3289 831 3354 sibi
856 3309 978 3375 anceps
1008 3289 1184 3376 videretur,
1210 3293 1275 3359 Ab·

158 3407 225 3474 bati
251 3402 450 3491 symigiensi
476 3401 591 3466 liceret
614 3397 755 3464 refferre.
790 3399 870 3462 Item
895 3417 967 3462 cum
992 3404 1080 3463 esset
1105 3400 1273 3466 contencio

157 3518 239 3582 inter
264 3518 376 3599 partes
401 3529 496 3595 snper
522 3509 650 3575 decima
673 3505 751 3571 ville
777 3505 945 3572 cuiusdam
976 3503 1105 3603 nomine
1130 3505 1272 3576 Szobodi

159 3625 236 3691 iuris
252 3619 402 3690 Ecclesie
419 3617 653 3703 Symigiensis3
677 3619 846 3684 asserente
861 3611 991 3678 Abbote
1014 3612 1109 3680 Beati
1133 3614 1274 3701 Martini,

160 3729 319 3798 decimam
340 3707 429 3793 illius
445 3725 488 3791 ad
510 3745 601 3792 suum
617 3721 848 3790 monasterium
872 3725 980 3804 preter
1004 3717 1153 3802 quartam
1176 3723 1273 3807 perti·
1352 3772 1356 3781 .

159 3859 253 3924 uere,
279 3837 490 3903 decreuerunt
507 3833 743 3919 compositores
768 3829 811 3895 ad
842 3846 1036 3896 consensum
1060 3831 1210 3914 partium
1238 3841 1273 3899 ut

159 3955 297 4015 staretur
327 3951 534 4010 sacramento
571 3941 669 4006 trium
691 3937 928 4020 joabagionum
959 3935 1148 4002 monasterii
1180 3939 1273 4006 Beati

159 4055 299 4138 Martini,
327 4073 407 4136 quos
434 4051 549 4118 Abbas
575 4045 793 4134 Symigieusis
817 4043 918 4113 uellet
942 4043 1122 4110 admittere.
1147 4042 1271 4124 Quarto

157 4183 232 4230 vero
247 4181 322 4227 cum
336 4159 448 4226 Abbas
466 4157 581 4224 Sancti
597 4155 728 4221 Martini
743 4152 904 4218 Abbatem
920 4151 1157 4236 Symigien'sem
1173 4171 1272 4238 super

158 4269 319 4356 preteritis
345 4265 537 4351 quibusdam
564 4261 699 4340 decimis
714 4277 816 4343 usque
832 4259 876 4324 ad
891 4276 1047 4323 summam
1063 4256 1174 4324 decem
1190 4279 1272 4330 mar-

160 4401 271 4448 earum
286 4381 456 4463 inpeteret,
483 4383 515 4440 et
540 4371 652 4439 Abbas
678 4369 893 4456 Symigiensis
919 4366 1116 4442 solucionem
1141 4369 1272 4450 quibus·

160 4492 235 4558 dam
261 4484 518 4570 jorbagionibus
549 4477 698 4547 Ecclesie
737 4477 831 4544 Beati
861 4473 993 4541 Martini
1032 4471 1152 4540 factam
1182 4482 1267 4559 esse,

158 4595 329 4670 Hemerioo
346 4593 472 4660 scilicet
488 4597 521 4659 et
535 4589 676 4660 Nicolao
692 4589 726 4654 in
742 4585 871 4656 modum
889 4581 1089 4670 exceptionis
1116 4573 1271 4674 obiceret,
