3214 5066
866 293 955 406 ¹140

270 537 275 544 ’
358 538 541 608 remaneret
556 541 589 606 in
613 557 743 606 ramera
767 537 950 622 sennensi,
977 539 1085 606 altera
1108 539 1142 603 in
1168 555 1300 604 oamera
1325 535 1479 603 Eoolssio

357 647 468 718 Sanoti
484 649 625 727 biartini,¹
642 647 740 714 tertia
754 665 855 732 pones
871 649 1051 732 prediorum
1068 644 1261 714 Jobannem.
1278 643 1351 712 Hoo
1366 651 1477 712 autem

250 827 253 830 ,
355 757 542 826 factumest
565 756 598 822 in
623 757 788 843 presentia
810 755 1044 823 Canonioorum
1070 753 1305 847 Gouriensinm,
1322 751 1478 820 videlieet

354 863 505 950 Magistri
520 862 713 947 Theobaldi‚
729 867 762 929 et
778 861 928 931 Oantoris
945 862 1046 947 Bede,
1081 867 1113 927 e't
1138 859 1291 928 Custodia
1317 861 1416 938 Petri,
1440 867 1477 925 et

357 974 459 1044 Pethe
472 972 623 1059 Magistri
636 970 817 1070 Hospitalis
842 971 976 1049 Domus,
1003 967 1182 1038 et'Thome
1213 968 1339 1036 Decani
1359 974 1394 1034 et
1418 969 1475 1035 Jo-

227 1098 229 1109 ·
355 1081 483 1164 bannis,
504 1085 536 1144 et
560 1077 663 1163 Pauli,
689 1083 722 1143 et
746 1076 894 1162 Magistri
918 1077 1062 1163 Wirunt3
1079 1079 1160 1164 'ipso
1176 1077 1323 1164 predioto
1340 1077 1473 1144 Abbate

355 1189 476 1256 ibidem
492 1186 651 1252 existente
667 1203 740 1252 oum
756 1183 909 1252 tratribus
931 1185 1008 1270 suis,
1033 1186 1159 1254 soilioet
1185 1185 1380 1254 Sebastiano
1405 1185 1473 1252 Ab·

356 1299 443 1388 bate,
461 1295 567 1362 Primo
583 1296 727 1405 nerano,
745 1294 886 1362 Henrioo
902 1293 1058 1381 Custode,
1082 1295 1240 1363 Silvestro
1265 1294 1473 1378 Subdeoano,

355 1403 455 1472 Vitali
471 1401 651 1488 sacerdote,
668 1401 795 1468 Thomu
810 1400 946 1469 diacono
963 1411 996 1469 et
1018 1403 1275 1490 jobbagionibus
1302 1403 1370 1468 suis
1394 1399 1473 1466 Thi-

354 1519 468 1598 moteo,
486 1519 518 1578 et
534 1509 611 1594 fieb,
629 1516 661 1576 et
679 1509 787 1594 Vitali,
804 1517 837 1578 et
851 1508 992 1578 filiosuo
1009 1511 1131 1579 Urolou
1145 1509 1323 1584 curialibus
1340 1509 1472 1580 Comiti-
1591 1529 1596 1566 u

353 1599 413 1690 bus
428 1619 642 1690 existentibus
667 1617 820 1686 videlieet
835 1636 919 1686 auno
936 1621 979 1686 ab
998 1620 1226 1690 Inoarnatione
1252 1617 1383 1686 Domini
1399 1618 1473 1686 biit·

352 1731 464 1798 issimo
480 1728 703 1798 dueentesimo
719 1725 846 1794 deeimo
862 1733 963 1796 sexto.

710 1921 766 1995 (Aa
785 1922 890 1979 eredeti
908 1923 986 1978 utun.
1006 1923 1112 1992 ciaet).

779 2186 1035 2210 ψ

806 2445 807 2448 ’
881 2428 936 2494 tr.

350 2607 396 2672 Π.
423 2605 529 2672 mure
552 2605 658 2693 kirtly
692 2605 871 2672 uriakozdso
903 2629 923 2670 a
953 2577 996 2671 aa.
1030 2605 1282 2674 Jeme-renutat
1312 2611 1468 2674 orsmaro.

860 2713 956 2778 1217.
1130 2749 1132 2752 ·

454 2885 492 2959 In
507 2893 636 2960 nomine
650 2893 772 2960 Sanote
788 2891 963 2959 Trinitatis
989 2899 1021 2960 et
1044 2891 1215 2962 individue
1230 2892 1383 2966 Unitatis.
1400 2901 1467 2968 An·

349 3000 446 3067 dress
460 2999 522 3066 Dei
538 3001 652 3087 graeia
666 2999 821 3085 Unguis,
839 3001 1020 3085 Dalmaoie,
1037 3001 1184 3086 Oroaoie,
1210 3004 1323 3090 Rama,
1342 3006 1466 3093 Servio,

350 3106 476 3177 (talieta
491 3106 747 3192 Lodomeriequo
762 3109 833 3174 Rex
849 3109 1093 3194 imperpetuum.
1125 3110 1155 3176 A
1186 3115 1315 3180 tramite
1331 3135 1397 3182 nou
1411 3136 1465 3186 ex-

349 3216 468 3284 orbitat
483 3217 647 3302 equitatis,
665 3223 731 3284 nao'
741 3217 854 3284 obviat
868 3218 1002 3303 raoioni,
1020 3226 1056 3284 ut
1067 3219 1132 3286 illis
1142 3219 1214 3303 quis
1223 3220 1388 3304 largitatis
1404 3243 1463 3292 suo

348 3341 462 3392 manns
479 3324 642 3410 oopiosius
658 3325 789 3393 studeat
805 3325 991 3410 extendere,
1016 3327 1073 3410 qui
1088 3328 1120 3394 in
1135 3328 1248 3396 labore
1264 3348 1416 3398 mannum
1432 3339 1465 3398 et

349 3432 465 3499 sudore
480 3433 624 3500 vultuum
639 3453 726 3521 pane
745 3453 805 3500 suo
833 3442 1022 3518 veseuntur,·
1048 3441 1081 3502 et
1105 3455 1163 3520 pro
1189 3436 1308 3504 Christi
1332 3442 1465 3508 nomine

346 3557 407 3606 nee
429 3541 510 3608 mori
536 3547 692 3626 metuunt,
718 3561 778 3608 neo
804 3541 981 3610 formidant
1004 3543 1165 3610 laborare.
1190 3545 1258 3612 Nos
1281 3547 1381 3630 igitur
1402 3547 1467 3618 tide

245 3637 250 3651 '
347 3649 477 3715 oonlata
491 3667 571 3715 vera
586 3669 660 3717 esse
676 3651 922 3736 perspicientes,
938 3669 1002 3734 qne
1018 3650 1060 3720 de
1076 3653 1231 3737 Magistro
1252 3654 1371 3722 Sanote
1398 3657 1466 3728 Do·

349 3777 420 3824 mus
432 3757 618 3844 Hospitalis
634 3765 667 3824 ot
692 3757 848 3826 iratribus
872 3759 992 3827 nostris
1008 3761 1171 3845 quondam
1186 3762 1316 3830 fuerant
1330 3766 1464 3834 auribus

347 3866 507 3950 intimata,
537 3872 569 3932 et
584 3865 678 3932 nobis
703 3869 808 3942 botas
838 3867 975 3934 delicias
1001 3875 1034 3934 et
1057 3869 1202 3958 bonores¹
1212 3864 1465 3952 ingratitudinis

346 3972 479 4040 silentio
494 3973 588 4056 quasi
605 3973 849 4040 conniventibus
865 3976 966 4042 oeulis
991 3977 1139 4045 nolentes
1165 3981 1320 4064 preterire
1330 4027 1339 4060 ,
1365 3982 1463 4049 immo

345 4101 403 4169 pro
418 4081 649 4168 temporalibus
666 4087 778 4148 eterna
793 4085 941 4150 volentes
957 4089 1088 4168 metere,
1108 4092 1141 4150 et
1165 4089 1353 4154 transitoria
1378 4091 1463 4157 oete·

345 4189 450 4256 stibus
465 4195 671 4272 commutare,
687 4187 800 4256 habita
815 4189 1043 4259 diliberationo
1066 4191 1211 4277 legitima
1233 4215 1274 4262 ex
1298 4195 1462 4266 Beronum

235 4363 238 4374 ,
344 4301 525 4364 nostrornm
541 4296 675 4363 oonsilio
691 4297 836 4381 predioto
851 4299 970 4366 Domni
997 4299 1172 4388 Hospitali‚
1188 4309 1342 4385 quantum
1366 4304 1462 4372 nobis

233 4437 237 4444 ·
344 4421 405 4488 pro
415 4405 558 4470 remedio
568 4405 675 4473 anime
689 4411 797 4474 nostre
808 4405 930 4474 donare
944 4406 1079 4492 plaouit,
1096 4411 1266 4478 statuimus
1281 4411 1315 4478 in
1331 4413 1462 4500 Aeonum

346 4509 405 4576 sed
436 4511 480 4576 ad
509 4519 620 4595 partes
651 4511 855 4598 Tripolitana
885 4517 1092 4584 transeuntes
1125 4515 1265 4594 vidimus
1295 4521 1459 4588 mellum

345 4615 435 4693 Grati
449 4637 570 4706 magno
586 4619 698 4692 labore
714 4625 747 4694 et
761 4629 888 4710 sumptu
919 4631 1073 4712 tunquam
1103 4632 1187 4700 terre
1213 4628 1339 4701 elavem
1363 4627 1458 4702 curi·
