3234 5072
707 379 729 442 9
743 471 790 478 -..η

162 551 233 644 siue
249 573 447 642 ooneoieutia
461 576 510 643 sui
526 573 664 642 senioris
678 580 756 640 ante
771 572 892 657 Regem
908 571 961 638 rel
976 569 1113 638 maiores
1135 575 1216 636 netu
1241 575 1273 638 et

162 683 320 768 dignitate
335 683 469 760 duxerit
484 690 520 750 ut
535 681 641 750 soluto
657 681 825 748 seruitutis
840 680 918 764 iugo
927 678 1095 744 leuitatem
1113 677 1272 746 libertatis

163 791 225 860 sihi
244 791 401 874 acquirat,
421 791 509 858 eoiut
533 809 578 874 se,
605 790 634 856 ei
658 789 750 856 diues
775 795 836 874 est,
860 787 1096 872 qninquaginta
1121 785 1272 852 iunenoos

160 897 354 967 redditurum
366 951 375 984 ,
400 920 441 967 ex
466 901 582 984 quihus
606 899 822 986 qnadraginta
846 897 1003 964 debentur
1018 895 1118 980 Regi,
1143 895 1271 962 Xuero

160 1007 280 1073 seniori
306 1007 402 1074 serni.
425 1006 461 1074 Si
484 1027 562 1075 nero
585 1025 709 1094 pauper
734 1017 766 1074 et
790 1005 915 1090 nonis,
946 1003 1010 1070 ΧΠ
1034 1003 1204 1086 invenoos,
1233 1021 1273 1070 ex

160 1097 276 1199 ouibus
290 1114 323 1182 X
336 1115 432 1200 Regi,
444 1113 507 1182 duo
522 1115 643 1182 seniori
658 1117 753 1181 serui.

244 1220 371 1291 m.
396 1223 454 1290 De
478 1223 545 1288 his
569 1223 641 1305 qni
664 1221 833 1288 liberos
856 1221 898 1286 in
922 1213 1191 1286 seruitutem
1214 1235 1272 1283 re-
1385 1247 1389 1256 ·

162 1327 328 1417 digunt.
346 1327 542 1409 QVONIAM
558 1331 656 1414 igitur
664 1331 795 1415 dignum
808 1331 878 1396 Deo
899 1337 990 1396 estet
1000 1327 1181 1406 hominihus
1193 1327 1273 1414 opti-

158 1455 255 1524 mum,
271 1457 546 1522 unumquemque·
561 1457 619 1504 sue
634 1437 794 1504 industria
816 1437 978 1504 libertatis
993 1437 1058 1504 vite
1074 1455 1200 1503 oursnm
1217 1435 1273 1501 du-

160 1565 243 1632 oere,
261 1546 438 1613 seeundum
455 1547 578 1633 Regale
594 1545 757 1614 decretum
774 1553 929 1613 statutum
945 1555 1005 1630 est,
1021 1549 1055 1609 st
1069 1563 1163 1611 uerno
1180 1541 1274 1610 oomi·

159 1665 226 1723 tum
244 1657 297 1724 rel
312 1656 446 1723 militum
464 1655 601 1743 posthae
631 1655 765 1724 liberam
790 1673 967 1742 personam.
977 1653 1123 1722 seruituti
1138 1649 1276 1719 subdere

159 1763 289 1832 audeat.
312 1762 450 1842 Quodsi
465 1763 617 1830 elationis
633 1763 772 1830 audacia
787 1783 847 1830 sue
864 1762 1046 1830 stimulatus
1072 1779 1274 1848 presumpse-

161 1872 211 1955 rit,
229 1871 313 1937 soiat
328 1889 363 1936 se
379 1870 511 1938 totidem
527 1891 568 1937 ex
583 1872 714 1958 proprio
729 1871 987 1962 compositurum.
1012 1856 1083 1949 Que
1098 1887 1174 1935 uero
1192 1889 1274 1936 oom-

159 1979 280 2065 positio
295 1981 379 2046 inter
392 1981 514 2064 Regem
529 1989 562 2046 et
577 1981 711 2048 uomitus
726 1979 888 2048 dividatur
906 1989 941 2048 nt
957 1987 1074 2047 cetera.

267 2088 375 2154 Item
399 2087 450 2154 de
474 2089 632 2156 eodem.
657 2089 743 2156 SED
760 2089 788 2156 ei
804 2088 879 2174 qnia
904 2096 1037 2157 antenus
1061 2083 1101 2152 iu‘
1120 2085 1275 2154 seruitute

159 2201 311 2280 retentus,
327 2215 385 2282 pro
400 2195 550 2263 libertate
566 2197 615 2263 sui
630 2196 757 2287 menda,
770 2198 921 2264 iudioinm
947 2197 1054 2280 legale
1079 2193 1203 2261 leniens
1226 2211 1274 2258 se·

162 2321 259 2370 eurus
275 2302 445 2386 exstiterit,
460 2303 680 2372 tantummodo
695 2303 845 2372 libertate
870 2304 1003 2384 fruatur,
1028 2309 1061 2369 et
1084 2301 1139 2368 ille
1163 2319 1184 2366 a
1211 2319 1275 2383 quo

161 2409 193 2475 in
208 2411 368 2476 seruitute
383 2412 562 2496 tenebatur,
579 2411 677 2479 nichil
693 2411 817 2478 reddat.
884 2445 886 2450 v

267 2515 392 2584 XXIII.
429 2515 488 2583 De
524 2517 594 2586 his
626 2519 702 2604 qui
736 2519 933 2588 alteriue
972 2518 1147 2586 milites
1185 2515 1276 2582 sihi

161 2624 336 2692 tollunt
371 2623 584 2710 VOLUhiUS,
610 2635 645 2694 ut
669 2627 887 2713 unusquisque
904 2629 1012 2696 senior
1035 2645 1126 2692 suum
1151 2623 1272 2691 haheat

162 2729 305 2815 militem,
322 2750 382 2797 nee
405 2732 523 2815 aliquis
547 2733 631 2800 alter
653 2733 742 2802 illum
769 2733 906 2804 suadeat
932 2737 1098 2818 antiquum
1123 2729 1274 2797 deserere

164 2839 322 2928 seniorem
338 2849 370 2906 et
387 2839 429 2906 ad
446 2861 482 2908 se
497 2840 619 2923 uenire,
640 2841 715 2908 inde
740 2844 824 2910 enim
851 2843 986 2926 litigium
1017 2839 1153 2906 hahet'
1145 2838 1276 2905 ruioium

265 2945 386 3014 XXIV.
410 2947 470 3014 De
502 2945 570 3014 hie
605 2951 678 3033 qui
714 2951 924 3037 hospites
956 2948 1154 3016 alterius
1186 2947 1274 3013 sihi

162 3055 223 3121 tol
235 3053 246 3118 l
257 3059 340 3122 unt.
357 3051 397 3120 Sl
412 3053 513 3134 QUIS
529 3055 688 3142 hospitem
705 3075 775 3123 eum
791 3056 1020 3126 benevolentia
1037 3053 1155 3139 aooipit
1170 3059 1203 3120 et
1216 3073 1272 3120 nu·

161 3161 344 3228 trimentusn
360 3161 422 3229 sibi
438 3161 574 3230 honeste
589 3163 745 3250 inpendit,
762 3165 916 3250 quamdiu
932 3147 1105 3231 seeundum
1129 3161 1273 3248 proposi·

161 3277 223 3336 tum
240 3269 388 3355 nutritur,
407 3291 469 3336 non
486 3269 616 3339 deserat
638 3290 730 3340 snum
756 3275 952 3356 nutritorem,
978 3289 1038 3337 neo
1062 3269 1105 3338 ad
1132 3269 1272 3354 aliquem

159 3377 256 3443 alium
273 3395 362 3443 enam
373 3375 505 3455 ‚delerat
519 3379 738 3464 hospitalitem
747 3377 842 3470 (lgy).
1393 3453 1394 3456 ,

238 3539 240 3542 .
264 3483 366 3552 XXV.
391 3485 450 3552 De
474 3484 574 3574 (his)
595 3489 668 3571 qui
691 3487 999 3574 flagellantur
1018 3491 1269 3570 querentes.

160 3593 333 3662 slcvlvs
348 3591 441 3660 miles
457 3599 514 3660 aut
525 3611 638 3662 seruus
655 3595 696 3661 ad
713 3596 811 3662 alium
838 3595 964 3680 sugerit,
986 3602 1018 3660 et
1034 3593 1061 3660 is
1079 3593 1168 3658 onius
1180 3591 1273 3659 miles

158 3703 209 3766 uel
225 3720 342 3769 sersus
356 3702 435 3786 fuga
452 3703 564 3788 lapsus
580 3710 639 3788 est,
655 3721 746 3770 suum
761 3701 886 3771 miserit
898 3705 1040 3787 legatum
1057 3701 1101 3769 ad
1116 3697 1269 3767 redueen·

161 3809 220 3876 dos
235 3827 302 3892 eos,
320 3815 352 3874 ot
367 3811 395 3878 is
412 3813 541 3896 legatus
557 3803 677 3878 ihid'em
692 3833 713 3880 a
730 3831 890 3896 quoquam
906 3829 1080 3897 percussus
1105 3819 1137 3876 et
1160 3801 1270 3894 flagel-

161 3917 245 3984 latos
262 3918 412 4004 extiterit,
430 3918 629 3986 decernimus
645 3925 825 3988 nostrorum
849 3920 1029 3986 Primatum
1047 3921 1218 3993 conuentu,
1235 3921 1271 3983 nt

160 4023 215 4093 ille
231 4024 318 4092 idem
333 4043 506 4112 percussor
521 4027 553 4093 X
567 4026 697 4094 soluat
688 4047 851 4096 iuuencos

265 4134 383 4202 XXVI.
407 4135 466 4203 De
489 4135 639 4204 viduis
664 4143 705 4202 et
728 4135 949 4221 orphanis
976 4083 1176 4202 vonvntvs
1198 4131 1267 4218 qui·

156 4234 235 4326 henr,
251 4249 287 4309 ut
302 4249 335 4310 et
349 4242 465 4311 uiduae
481 4250 513 4309 et
528 4243 664 4328 orphani
678 4246 742 4312 sint
758 4251 868 4312 nostre
885 4241 971 4327 legis
993 4240 1177 4325 participes,
1207 4241 1267 4310 teli

156 4357 278 4435 onore,
296 4357 329 4418 nt
344 4353 454 4435 sinus
469 4353 567 4420 uidua
582 4373 653 4422 oum
665 4351 740 4421 liliis
768 4353 962 4435 filiabusque
987 4349 1192 4434 remanserit,
1221 4357 1267 4420 at·

126 4473 129 4482 ·
158 4477 219 4543 qne
233 4440 367 4528 nutrire'
376 4479 443 4545 eos,
459 4469 492 4528 et
506 4477 670 4530 remanere
686 4481 757 4528 oum
767 4443 832 4528 illis
848 4459 1000 4545 quamdiu
1016 4459 1141 4544 uixerit,
1152 4460 1267 4546 promi·

159 4567 246 4653 serit,
263 4553 385 4635 haheat
405 4575 599 4657 potestatem
615 4589 637 4636 a
651 4569 744 4638 nobis
761 4568 822 4634 sibi
838 4587 1025 4636 oonoessam
1041 4565 1103 4634 hoo
1119 4566 1269 4653 faciendi,

82 4696 87 4706 ’
160 4683 226 4744 eta
244 4677 374 4744 nemine
391 4679 507 4744 iterum
517 4683 653 4765 cogatur
667 4678 702 4743 in
716 4659 907 4761 muiupium.
922 4675 957 4743 Si
974 4695 1052 4744 uero
1063 4682 1185 4744 mutato
1196 4680 1270 4743 uoto
