3222 5054
633 297 817 404 ιλιι...

702 785 779 866 131'.

176 977 296 1056 ortuo
310 979 413 1048 sodor·
427 1000 449 1043 a
457 977 688 1067 pooooulroiroi
701 981 935 1048 soror-mortem·
949 983 1090 1068 updtook
1098 981 1293 1072 roooeoipos

599 1087 654 1156 iit!
668 1109 743 1176 orep.
768 1091 867 1156 1226.

281 1269 436 1340 nicolaus
451 1267 516 1336 Dei
531 1268 645 1354 grauis
659 1267 830 1337 Polutinus
846 1275 878 1336 et
889 1269 1006 1338 (tomes
1021 1267 1062 1338 de
1073 1269 1204 1356 Suprun
1220 1291 1303 1358 pre·v

176 1379 323 1450 sentibus
336 1385 370 1445 et
384 1376 523 1464 posteris
541 1379 677 1445 salntem
692 1377 727 1443 in
742 1397 802 1465 eo,
822 1377 877 1462 qui
894 1385 944 1447 est
959 1381 1051 1446 solus
1068 1381 1217 1447 omnium.
1241 1379 1293 1446 Ad

176 1489 329 1556 noticiam
345 1486 486 1555 omnium
500 1487 649 1554 uolumus
663 1485 846 1573 peruenire,
863 1487 950 1573 quod
961 1503 1034 1555 oum
1043 1484 1170 1576 V(ria's)
1179 1487 1292 1556 Abbes

176 1597 216 1664 de
241 1595 351 1663 Monte
375 1593 489 1662 Sunoti
512 1595 641 1661 Martini
666 1593 857 1662 constitutus
882 1615 991 1665 eoram
1016 1593 1110 1662 nobis
1132 1593 1293 1680 quosdam

175 1703 341 1783 homines,
358 1721 492 1788 quorum
508 1702 640 1770 nomine
655 1707 728 1770 sunt
743 1703 819 1771 heo:
849 1703 1005 1772 Nicoleus
1014 1753 1024 1790 ,
1041 1704 1158 1790 Gustu,
1175 1701 1292 1790 Bothe,
1376 1742 1380 1753 ·

175 1813 265 1898 Repe
280 1819 314 1878 et
329 1810 449 1879 Daniel
464 1809 563 1878 filium
579 1810 744 1904 eiusdem,
770 1831 920 1881 asserens
943 1832 1001 1882 eos
1017 1812 1118 1882 inisse
1133 1810 1291 1893 iioolesie,

174 1921 233 1990 sed
249 1913 482 1988 oontume'oiter
497 1938 534 1988 se
549 1938 570 1985 ιι
586 1917 661 2006 ingo
678 1919 844 1988 seruitutis
859 1921 1046 2007 retraxisse,
1068 1927 1100 1987 ot
1116 1919 1292 2006 effugisse3

174 2029 224 2096 iili
239 2045 317 2095 sero
334 2028 376 2094 ab
393 2027 527 2110 antiquo
543 2047 579 2095 se
594 2027 714 2098 liberos
730 2028 832 2096 inisse
847 2029 1128 2115 proolamuuerunt
1137 2077 1146 2112 ,
1172 2035 1206 2095 et
1227 2028 1292 2115 pri-

176 2137 330 2223 uilegium
345 2135 446 2220 Regis
455 2133 535 2204 Belo
551 2155 652 2223 snper
666 2137 817 2204 libertate
833 2158 894 2206 sue
910 2157 946 2204 se
962 2135 1066 2205 eeiam
1080 2137 1204 2206 hebere
1219 2143 1294 2204 sunt
1393 2125 1395 2132 ’

175 2243 327 2334 professi.
355 2241 499 2328 (tumque
527 2243 607 2310 iilud
622 2243 826 2331 priuilegium
841 2245 875 2313 in
891 2251 1014 2314 statuto
1030 2245 1168 2312 termino
1185 2264 1294 2314 eorem

176 2351 430 2439 Archiepisoopo
440 2351 655 2438 Strigoniensi
671 2359 703 2419 et
719 2353 794 2425 eliis
809 2353 920 2432 multis·
935 2354 1293 2440 nobisprosentessent,

176 2467 209 2529 et
224 2461 397 2546 diligenter
411 2459 516 2546 ipsum
532 2481 597 2530 une
623 2481 693 2529 oum
716 2461 971 2550 Arohiepisoopo
997 2471 1029 2532 et
1054 2459 1200 2531 omnibus
1216 2461 1293 2530 aliis

175 2567 311 2656 ydoneis
342 2575 374 2635 et
404 2569 553 2638 diseretis
584 2569 826 2668 ecelesiasticis
847 2571 995 2658 personis
1027 2569 1292 2656 inspexissemus,

175 2681 375 2765 compertum
392 2678 520 2745 omnino
538 2697 613 2746 esse
628 2679 757 2747 fulsum.
787 2683 878 2766 Quos
895 2699 968 2748 eum
984 2679 1138 2748 attentius
1154 2685 1188 2747 et
1203 2675 1292 2748 solli·

176 2786 239 2854 eite
250 2785 507 2871 inquisissemus,
519 2783 661 2855 ooniessi
670 2793 744 2855 sunt
752 2789 828 2857 uiua
842 2785 922 2857 voo'e
939 2809 960 2856 a
976 2787 1295 2873 quodamseoerdote

174 2893 304 2961 nomine
329 2893 475 2978 Bulehu,
500 2893 671 2979 oopelisno
697 2875 854 2964 videlieet
878 2897 1035 2964 Pothonis
1064 2897 1200 2966 Comitis
1215 2895 1296 2963 illud

174 3001 384 3087 priuilegium
404 2999 470 3068 sibi
493 2999 535 3067 de
560 3021 644 3068 nouo
670 3021 743 3070 esse
767 3003 929 3071 donatum.
960 3003 1053 3072 Vnde
1077 3025 1138 3074 nos
1169 3005 1203 3071 in
1231 3003 1295 3072 heo
1379 3031 1380 3034 ¹

176 3127 278 3177 cansa
304 3111 392 3196 ipsos
417 3107 603 3177 oensnimns
627 3109 741 3178 ordine
765 3111 934 3182 iudiciario
960 3131 1033 3182 esse
1052 3114 1235 3199 sonuiotos,
1261 3118 1294 3180 et

175 3237 233 3286 eos
248 3219 282 3284 in
298 3217 470 3305 pristinam
485 3218 675 3286 seruitutem
700 3239 774 3287 esse
799 3221 950 3304 redaotos
966 3222 1127 3306 prelibato
1144 3220 1292 3290 lioolesie

176 3325 291 3394 Ssneti
305 3325 437 3393 Martini
451 3325 645 3395 contulimus
670 3327 743 3395 iure
768 3333 923 3414 perpetuo
938 3327 1163 3414 possidendos.
1194 3329 1237 3395 Et
1251 3347 1292 3394 ne

176 3433 241 3522 ipsi
254 3435 310 3502 nel
324 3433 443 3519 aliquis
459 3453 518 3521 pro
533 3435 614 3522 ipsis
631 3437 742 3522 aliquo
757 3456 909 3520 umquam
924 3441 1070 3522 tempore
1096 3455 1214 3521 agere,
1238 3435 1292 3502 uel

175 3543 264 3609 litem
281 3561 391 3610 eorem
405 3543 500 3612 nobis
515 3537 660 3612 decisum
675 3551 841 3630 presumat
856 3549 1044 3626 retrectare,
1054 3549 1224 3632 presentes
1240 3544 1292 3612 lit·

176 3658 265 3720 teres
281 3652 502 3720 concessimus
518 3652 620 3740 sigilli
635 3653 737 3722 nostri
752 3631 946 3725 auotoritete
961 3651 1179 3724 confirmatas.
1197 3653 1291 3723 Anno

176 3760 307 3840 Domini
321 3759 598 3831 M⁰GG⁰XX⁰VI⁰.
672 3817 677 3833 .

175 3933 224 4012 (Π.
242 3936 338 3999 Endre
358 3937 471 4000 1229·ὶί
487 3937 660 4014 megeritsitii
680 3937 888 4017 okminytbol,
917 3940 994 4014 mely
1012 3940 1145 4004 onereris
1162 3957 1181 4009 s
1199 3945 1291 4003 ssent·

472 4030 593 4092 mtrtoni
609 4032 763 4120 fiopttstg
780 4032 1000 4107 revolsorum.)

603 4295 849 4316 m-
