3214 5072
659 331 818 453 Α

176 549 354 637 episcopio,
370 550 468 616 Narra
483 547 632 632 Quinque
649 546 859 632 Ecclesicnoi,
876 547 1003 614 Beutrio
1019 547 1182 633 Agricnei,
1205 549 1299 615 Petro
1320 605 1326 625 ,

174 656 345 727 Jaurienoi
355 656 372 741 ;'
387 657 465 723 item
480 651 575 725 Petro
600 655 834 742 Vesprimicuoi
859 650 1083 744 (Episcopis);
1100 656 1209 724 Paulo
1236 655 1298 722 Pa-

174 766 280 833 latino
297 768 330 832 et
345 763 470 832 Gemite
486 761 711 850 Bachaoieum,
736 764 850 832 Bucau
892 762 1017 843 Ocmite
1041 763 1165 830 Curiali
1189 768 1222 830 ct
1245 762 1300 828 Bi·

172 871 350 959 choricuoi,
365 873 542 958 Lamperto
559 873 683 942 comite
711 871 941 959 Budrugieusi,
966 869 1119 938 Heidrico
1145 871 1298 957 Supruni·

173 981 259 1065 cusi,
284 983 393 1048 Pausa
417 980 618 1050 Musunicuoi
636 985 676 1054 ,et
703 981 861 1067 Magistro
891 980 1157 1065 Tauernicornm,
1189 981 1300 1047 Leuca

172 1085 304 1156 Comite
318 1089 510 1158 Posonieuoi
526 1097 559 1158 ct
574 1091 731 1176 Magistro
757 1087 995 1176 Dapiierorum.
1020 1086 1142 1178 Datum
1158 1107 1217 1176 per
1231 1105 1298 1154 ma.

171 1217 239 1266 nun
253 1196 424 1268 Gotoeliui.

284 1393 431 1467 (credetne
450 1413 469 1453 a
486 1413 527 1452 cz.
547 1395 670 1452 marioni
689 1392 840 1467 iiiupttotg
858 1390 1065 1492 levelttrtbuu.
1083 1395 1188 1470 Caeci).

618 1655 812 1667 ..—-—---—-
818 1656 863 1666 ...-

708 1899 765 1964 20.
820 1911 826 1918 ’

167 2077 314 2166 Maqycr
335 2073 494 2141 szczlotoz
528 2071 710 2164 (hospitale)
735 2077 899 2162 amptum
921 2075 1179 2146 Jeruuzclamcun.
1204 2080 1239 2167 α)
1264 2081 1294 2150 Α

284 2183 354 2269 Ma,
376 2179 514 2268 melchon
535 2183 644 2250 tenebo
668 2206 738 2248 ezec
761 2181 918 2248 czdlloicoa
942 2181 1067 2250 latezctt.
1092 2187 1201 2292 1135.Ι

279 2383 375 2450 Auno
386 2383 428 2450 ab
439 2383 664 2450 incarnatione
674 2381 807 2450 Domini
817 2381 1016 2468 MOXXXV‚
1025 2383 1201 2454 indictione
1217 2389 1292 2476 XII,

168 2495 205 2559 iu
216 2490 331 2559 Idibus
347 2491 470 2560 mensis
485 2493 606 2576 Martii,
616 2499 777 2579 regnante
789 2493 1017 2562 iherosolimis
1033 2495 1177 2564 Fuloone
1203 2501 1293 2586 Rege

169 2603 374 2668 Francorum
389 2603 496 2688 tertio,
512 2601 675 2670 Wiilclmo
692 2622 769 2670 vero
786 2603 977 2670 Patriarcha
996 2605 1111 2672 summi
1126 2607 1293 2692 pontifica-

168 2716 223 2776 tus
238 2713 376 2796 'gerente
391 2711 529 2794 apicem.
545 2711 616 2794 Ego
633 2709 820 2780 Beruarduu
845 2732 916 2778 cum
942 2733 1043 2780 uxore
1071 2733 1146 2783 moa
1169 2715 1293 2784 Hesion

167 2819 300 2904 absque
315 2819 537 2886 controversia
553 2827 586 2885 ct
601 2816 739 2886 alicuius
765 2817 905 2886 hominis
930 2821 1136 2908 calumpnia,
1161 2825 1292 2908 prefato

167 2931 335 2992 mouente
351 2925 552 3010 Patriarcha‚
579 2925 710 2993 vendidi
729 2947 769 2994 ac
789 2925 862 3010 jure
878 2935 1033 3014 perpetuo
1058 2931 1289 3014 possidendam

167 3031 294 3100 tradidi
311 3035 419 3118 Petro,
444 3032 548 3102 Priori
564 3035 677 3102 Sancti
703 3035 861 3121 Sepulcri‚
886 3043 919 3102 et
943 3037 1119 3128 Canoniciu
1144 3040 1291 3110 ciusdem

166 3159 345 3224 corumque
360 3142 607 3210 successoribus
623 3144 751 3210 domum
767 3163 873 3215 meam
889 3164 946 3229 pro
963 3145 1015 3214 OG
1041 3147 1208 3236 bizanciio,
1227 3171 1291 3236 quc

166 3254 221 3316 est
235 3246 345 3334 posita
360 3247 446 3314 infra
462 3267 569 3314 nrurcs
594 3249 810 3334 iherusalem,
827 3258 862 3316 ut
877 3251 940 3337 ipsi
950 3251 1084 3321 liberam
1096 3263 1291 3341 potestatem

166 3355 316 3422 habeant
332 3354 471 3422 candem
487 3355 660 3438 vendendi,
676 3356 831 3442 donandi,
847 3365 879 3424 et
896 3359 1046 3442 quicquid
1062 3361 1102 3428 de
1126 3383 1167 3431 oa
1183 3368 1289 3434 volue-

164 3465 230 3530 riut
246 3463 393 3530 satiendi.
412 3463 521 3531 Habet
536 3469 644 3532 autem
661 3461 808 3549 predicta
825 3465 940 3532 domus
971 3466 1014 3532 ab
1038 3477 1104 3535 una
1120 3479 1213 3555 parte
1229 3474 1286 3543 do·

166 3565 256 3641 mum
272 3571 448 3640 eorundem
464 3575 704 3658 canonicorum,
722 3595 782 3658 qurc
799 3575 859 3640 suit
883 3567 1039 3644 willelmi
1065 3575 1289 3667 drugomanni,

164 3683 210 3749 ab
226 3681 296 3748 alia
311 3682 485 3748 ecclesiam
502 3684 617 3751 Sancti
635 3683 776 3766 Karitot,
793 3683 835 3750 ab
852 3683 921 3749 alic
945 3683 1032 3752 viam
1056 3689 1230 3776 publicam,
1247 3695 1290 3760 ab

165 3791 235 3857 alia
252 3809 330 3856 vero
347 3791 476 3856 domum
492 3791 667 3859 Theodori.
684 3791 885 3878 Quicumque
911 3813 988 3882 vero
1013 3793 1084 3862 Deo
1110 3805 1143 3863 et
1167 3797 1290 3867 homiui

164 3897 301 3966 odibilis
318 3905 417 3984 atquc
434 3900 567 3968 rebellio
583 3900 667 3968 hanc
685 3900 903 3968 venditionem
929 3903 1054 3971 violare
1080 3909 1291 3994 temptaverit

162 4013 200 4074 et
215 4026 313 4093 cuper
328 4008 391 4075 hac
408 4027 443 4074 re
467 4009 555 4076 litem
581 4017 638 4076 aut
661 4005 909 4112 caiu(m)pniam
934 4011 1091 4080 adversus
1116 4017 1289 4102 eccleciam

163 4114 281 4183 Sancti
296 4115 446 4200 Sepulcri
461 4123 494 4183 et
509 4115 667 4188 adversus
684 4121 859 4188 canonicos
879 4119 1024 4188 eiusdem
1048 4121 1196 4208 maligno
1225 4123 1290 4209 spi·

162 4223 229 4290 ritu
243 4225 364 4291 inferre
379 4243 477 4292 aucus
494 4223 601 4308 suerit,
619 4225 839 4294 anathematio
849 4244 1022 4313 percussus
1036 4227 1153 4316 iaculo,
1167 4227 1289 4300 Divino

164 4330 281 4399 ultioni
296 4339 453 4419 perpetuo
479 4333 663 4420 puniendus
689 4336 877 4420 subiaceat,
905 4335 996 4402 etin
1021 4333 1134 4406 fiscum
1151 4337 1288 4426 Regium

164 4436 238 4506 auri
254 4439 378 4535 libram·
389 4443 565 4527 persolvat.
581 4441 664 4510 Huic
681 4443 877 4514 venditionis
893 4449 994 4530 testes
1010 4449 1104 4511 sunt:

213 4615 219 4628 ,
275 4547 466 4636 Seybertuu‚
483 4549 594 4618 Iudex.

274 4657 400 4742 Petrus,
417 4655 521 4726 faber.

980 4771 1021 4858 ¹54
