3214 5066
633 309 789 418 mu(

153 509 290 577 tentiam
299 507 463 574 desiderat
472 512 560 572 terra
570 505 702 572 Sancta.
718 505 880 588 Numquid
895 528 960 576 non
974 509 1088 577 habuit
1103 512 1144 578 de
1159 513 1267 580 iuven·

146 619 227 686 tutis
242 623 299 683 tue
313 615 472 702 primitiis,
487 621 520 680 et
536 613 578 679 de
593 611 724 681 maioris
740 614 839 681 etatis
854 615 1008 700 reliqniis,
1036 618 1133 701 quasi
1147 619 1187 685 de
1202 620 1268 688 vite

152 724 280 794 decima
295 743 360 790 non
376 722 517 790 habebit.
536 720 730 805 Oquantum
740 727 922 789 notesceret
934 723 1080 792 eiusdem
1094 732 1180 793 terre
1195 727 1270 794 snb·

153 833 258 915 sidio,
282 833 313 900 si
327 834 369 900 do
384 836 568 917 propagata
584 828 757 896 devotione
773 831 876 917 patris
893 831 927 898 in
942 831 1027 900 filios
1042 853 1101 918 per
1117 854 1213 901 unum
1228 855 1269 903 ox

153 939 236 1027 ipsis
261 940 450 1008 subvenires
475 939 624 1034 intanto
648 939 854 1006 necessitatis
880 939 1016 1007 articulo
1034 941 1270 1014 Oruoidxold

154 1069 254 1134 quam
269 1047 440 1133 magnifiee
465 1047 507 1114 ad
533 1065 720 1115 suooursum
738 1046 885 1131 Ungaria
899 1048 1037 1118 inimiois
1053 1051 1165 1122 Crucis
1180 1052 1270 1118 terri-

154 1157 231 1224 bilis
248 1175 285 1224 se
301 1162 443 1242 pararet,
459 1162 495 1222 ut
509 1153 650 1220 mittenti
664 1155 809 1240 plaeeret
825 1162 858 1244 et
872 1156 984 1224 misso.
994 1155 1099 1241 Absit,
1116 1163 1151 1224 ut
1166 1157 1200 1224 in
1215 1177 1271 1244 po-

156 1265 272 1332 ouliari
286 1264 395 1347 bello,
420 1263 485 1330 Dei
500 1262 563 1329 filii
575 1282 658 1348 gons
673 1263 732 1329 tibi
748 1262 895 1330 subieota
910 1267 1020 1331 soluat
1035 1265 1150 1332 militie
1166 1266 1272 1349 cingu-

155 1375 231 1457 lum,
247 1390 339 1438 arma
354 1369 517 1453 relinquat
532 1369 681 1454 rubigini,
698 1371 838 1436 animum
853 1379 950 1456 neget
965 1371 1100 1439 victorie
1108 1423 1118 1458 ,
1133 1393 1207 1450 oum
1222 1391 1273 1440 oo·-

155 1501 238 1548 rona
253 1501 318 1546 non
333 1478 418 1546 desit
429 1477 610 1545 victoribus
629 1497 688 1564 per
702 1478 841 1562 gratiam
858 1486 891 1546 et
903 1479 1052 1546 meritum
1068 1482 1102 1546 iu
1117 1483 1271 1566 presenti,

155 1609 213 1674 per
228 1587 365 1672 gloriam
381 1594 414 1654 et
428 1587 584 1672 premium
599 1587 634 1652 in
649 1585 763 1652 futuro.
795 1585 880 1652 ilino
904 1594 971 1672 est,
996 1587 1084 1671 quod
1107 1591 1266 1656 expellam
1394 1593 1397 1600 =

156 1697 237 1764 tiam
252 1693 534 1772 tuam-alieotuose
555 1712 729 1780 rogamus,
755 1699 788 1759 ot
802 1715 824 1760 a
839 1701 871 1760 te
885 1693 1044 1762 instanter
1060 1697 1275 1783 exposcimus,

157 1805 389 1872 obseeorantes
403 1823 463 1888 per
478 1804 608 1872 Putrem
625 1808 658 1868 et
673 1801 792 1870 Filium
808 1805 840 1867 ot
855 1803 1010 1888 Spiritum
1026 1804 1199 1889 Sauotnm,
1215 1825 1274 1890 per

158 1911 358 1996 Sanguinem
372 1911 451 1978 Jesu
467 1909 596 1992 Christi,
613 1913 649 1976 ut
665 1928 806 1995 exurgas
821 1911 855 1976 in
870 1910 1064 1979 adiutorium
1081 1911 1199 1980 christi
1216 1914 1273 1997 tur,

157 2019 213 2104 qui
227 2017 370 2104 quodam
391 2016 485 2084 modo
501 2016 536 2084 in
552 2035 588 2084 se
602 2017 760 2104 prodigus
776 2023 808 2083 et
823 2035 942 2103 parens
959 2019 991 2084 in
1007 2021 1128 2104 servis,
1153 2027 1274 2106 tempo·

95 2149 103 2168 ·
157 2127 220 2196 ruli
234 2132 339 2194 morte
354 2145 391 2194 se
406 2124 559 2206 tradidit,
575 2132 611 2192 ut
626 2131 660 2192 te
675 2145 697 2191 a
712 2126 860 2193 fauoibns
874 2127 987 2194 mortis
1004 2129 1144 2216 eriperet
1159 2131 1276 2216 sempi-

158 2241 260 2300 terne.
277 2235 429 2316 Exurgas
444 2239 478 2298 et
491 2232 615 2301 liberes
630 2239 749 2300 terrem
763 2233 864 2319 illam,
874 2234 907 2298 in
917 2237 1131 2318 quusulntem
1140 2235 1275 2304 humani

158 2339 289 2426 generis
306 2347 461 2426 operatus
477 2328 758 2426 est'porsonaliter
781 2341 852 2426 ipse
876 2342 1036 2414 Salvator.
1066 2343 1216 2430 Euorgas
1232 2345 1276 2412 ad

159 2449 394 2518 oontrioionem
409 2449 553 2515 nationis
569 2469 670 2532 prave
686 2455 786 2534 atque
801 2468 964 2535 perverso,
981 2469 1044 2534 que
1061 2452 1117 2518 ubi
1131 2453 1275 2532 sitDeus

160 2557 415 2624 Christianorum
430 2557 645 2642 improperat,
672 2563 705 2622 et
728 2557 837 2623 multis
861 2557 997 2624 insultat
1021 2560 1204 2645 opprobriis
1220 2583 1276 2630 no-

160 2665 240 2732 mini
255 2662 450 2730 Ohristiano.
476 2665 518 2732 Et
533 2663 664 2747 quidem
681 2664 792 2731 illatus
808 2665 945 2733 subditis
963 2667 1026 2733 tuis
1042 2667 1182 2734 offensas
1199 2669 1276 2736 uloi·

163 2771 397 2856 soeris,et,Dei
412 2771 460 2838 tui
475 2792 540 2838 non
555 2769 739 2840 vindioabis
755 2772 891 2840 iniurias
907 2779 974 2840 tam
990 2777 1138 2842 atrooes?
1153 2776 1205 2842 Ad
1220 2777 1275 2842 he-

161 2879 318 2964 reditates
333 2887 459 2946 tuorum
474 2897 588 2944 munus
598 2877 784 2959 invasorum
794 2879 925 2948 extendi
934 2899 997 2947 non
1006 2882 1141 2966 pateris,
1153 2887 1186 2948 et
1194 2883 1276 2966 pati·

162 2989 227 3056 eris
242 2987 435 3054 hereditatis
445 2987 616 3054 Dominiee
626 2993 717 3056 tanto
729 2993 873 3074 tempore
888 2986 1098 3080 detentores?
1112 2990 1163 3058 Ne
1178 2989 1277 3074 igitur

162 3097 195 3164 in
209 3097 281 3162 Deo
300 3095 484 3180 perieulose
500 3094 705 3176 dissimules,
721 3095 807 3180 quod
821 3093 906 3164 iuste
920 3099 1157 3165 nou-tolerares
1173 3099 1206 3165 in
1222 3097 1278 3167 ho-

162 3205 271 3288 mine,
286 3211 410 3294 pungat
427 3217 481 3270 oor'
495 3210 586 3270 tuum
601 3205 649 3272 lui
665 3205 860 3284 ooutumelia
878 3205 1052 3288 oreutoris,
1072 3207 1231 3273 uouendat
1246 3215 1279 3274 te

162 3316 253 3383 zelus
275 3312 355 3378 fidei
368 3311 563 3398 Christiane,
586 3321 622 3378 ut
638 3313 686 3379 sio
702 3313 735 3376 iu
752 3312 827 3376 forti
842 3330 939 3378 manu
954 3317 987 3377 ot
1002 3317 1129 3378 extento
1145 3314 1279 3382 braohio

162 3431 249 3490 terre
265 3425 445 3488 memorate
470 3419 664 3502 subvenias,
690 3417 776 3502 quod
800 3417 962 3485 insinuato
977 3419 1071 3484 uobis
1097 3419 1279 3488 subventio·

164 3531 214 3598 nis
229 3536 285 3596 tue
309 3528 475 3616 proposito
500 3535 580 3596 auto
604 3527 722 3596 faeiem
748 3511 884 3594 alioruin
897 3531 930 3592 te
945 3525 1108 3594 fruetuose
1122 3547 1282 3614 ponamus

164 3636 352 3724 exemplar,
377 3635 412 3702 iu
426 3636 490 3704 tuis
506 3635 658 3704 laudibus
675 3636 872 3722 gloriantes,
896 3635 1021 3720 tibique
1046 3645 1213 3706 aooresoat
1229 3658 1280 3706 ou-

163 3745 270 3814 mulus
285 3745 481 3828 meritorum,
498 3765 562 3811 non
577 3743 683 3830 solum
698 3765 739 3812 ex
754 3743 828 3830 hiis,
845 3763 907 3829 que
922 3744 1043 3813 feeeris
1058 3763 1117 3832 per
1131 3747 1280 3835 teipsum,

166 3855 226 3922 sed
251 3873 294 3921 ex
318 3853 394 3920 aliis
419 3853 539 3939 etiam,
565 3872 629 3939 que
654 3851 734 3922 faeti
750 3854 797 3920 tui
811 3852 1021 3922 similitudine
1037 3855 1282 3942 subsequantur.

96 3995 101 4010 =
167 3963 289 4049 Datum
305 3961 461 4030 laterini.

272 4071 311 4136 In
328 4088 355 4135 e.
372 4090 413 4134 m.
431 4067 585 4154 seriptum
610 4075 661 4136 est
685 4069 761 4138 aliis
786 4069 949 4156 Regibus,
965 4069 1158 4155 quibusdam
1173 4069 1283 4138 verbis

167 4175 331 4268 mutandis
347 4182 569 4262 oompetenter
584 4176 726 4243 mutatis.

265 4351 327 4425 (111.
339 4350 572 4433 Honoriupdpa
583 4350 770 4426 Regestdibdl
782 4351 905 4410 Theiuer
918 4351 957 4410 id.
972 4369 1009 4410 m.
1022 4350 1044 4408 L
1056 4350 1085 4408 lv.
1097 4350 1141 4413 40.
1154 4351 1187 4426 L)

607 4523 854 4542 ..η-...ι’-

225 4747 346 4798 uouurr.
364 4733 460 4795 uude.
470 4745 552 4792 urso.
564 4765 591 4780 -
603 4744 686 4810 nuru.
700 4751 720 4791 u.
