3222 5054
662 319 804 432 ,ffi-

167 521 257 586 meta
271 513 417 586 eiusdem
431 523 535 604 terre;
559 515 679 587 abbiuo
694 515 797 586 tendit
812 517 856 588 ad
870 519 978 606 Lean,
1004 525 1039 590 ot
1061 521 1108 594 ibi
1123 520 1286 608 quoddam

168 628 331 696 fossatum
347 633 398 696 eet
411 633 520 711 mota3
536 624 654 696 deindo
666 628 870 716 progreditur
877 627 922 699 ad
931 629 1080 718 rivulum,
1089 630 1146 715 qui
1155 630 1287 718 Gomprr

167 736 295 823 dieitur,
312 743 347 804 et
359 736 406 804 ibi
421 741 471 804 eut
485 739 575 802 mota
589 735 677 804 idem
693 735 825 804 riruluo.
850 737 933 804 Item
947 737 1039 806 uadit
1053 755 1168 808 versuo
1183 738 1286 808 orien-

167 852 234 913 tem
249 843 294 910 ad
309 840 620 928 perimimur,
646 864 707 929 que
731 847 829 932 vulgo
845 844 1034 914 Jakoweiao
1051 842 1065 934 (
1088 845 1096 862 ⁰
1137 841 1286 930 lnuuou·
1351 875 1352 878 ¹

167 959 276 1041 pater,
292 961 326 1022 et
341 943 454 1022 eadem
469 953 596 1042 pleoinu
611 959 661 1021 ent
677 959 783 1040 meta;
799 951 917 1021 deinde
927 951 1132 1041 progreditur
1149 955 1192 1022 ad
1208 954 1286 1024 dex·

170 1069 275 1128 teram
290 1067 419 1148 partem
433 1080 546 1129 nereus
561 1063 729 1130 meridiem
745 1061 789 1128 ad
801 1080 920 1149 aquam
929 1083 991 1148 que
1000 1062 1118 1132 dieitur
1129 1064 1286 1152 Syvhere,

168 1187 231 1254 que
247 1169 364 1238 diuidit
379 1177 498 1237 terrum
519 1169 647 1255 Templi
671 1175 846 1238 ulterram
870 1170 1026 1258 Georgij5
1051 1169 1172 1238 abbine
1196 1165 1290 1239 uadit

167 1295 283 1348 uersus
298 1279 434 1346 eandem
451 1277 584 1364 plagam
598 1277 642 1344 od
659 1285 756 1365 eaput
770 1277 936 1348 euiuudem
952 1279 1054 1366 laona,
1067 1278 1123 1363 qui
1138 1279 1286 1365 Nuitoffij
1362 1287 1367 1312 ¹

169 1385 372 1470 nominatum
398 1383 516 1452 deinde
530 1386 735 1472 progreditur
748 1407 862 1466 uersus
879 1386 1140 1458 oooidentem'ad
1156 1393 1287 1472 terram,

171 1512 232 1578 que
248 1491 365 1562 dieitur
380 1493 486 1578 Bard,
504 1503 538 1561 et
552 1494 598 1560 ibi
614 1502 664 1562 est
679 1502 786 1580 mota,
812 1504 844 1563 ot
862 1495 976 1568 eadum
992 1502 1080 1563 meta
1096 1495 1212 1563 dividit
1226 1502 1288 1563 ter-

170 1623 239 1670 ram
254 1601 383 1687 Templi
398 1609 431 1670 et
446 1609 566 1670 terram
584 1601 737 1688 Georgij3
755 1603 872 1686 deinde
888 1603 981 1672 vadit
997 1603 1221 1687 ad-quandam
1237 1623 1288 1670 ar·

168 1711 299 1796 berem,
317 1729 379 1794 que
395 1709 625 1795 Kalandafyze
642 1719 864 1805 nuncupaturj
891 1711 1011 1778 abbino
1026 1712 1230 1798 progreditur
1245 1711 1290 1778 ad
1317 1728 1327 1792 ζ

169 1817 273 1883 louum
300 1817 355 1901 qui
381 1817 571 1904 Loohebery
601 1819 804 1903 nominatur,
829 1828 862 1887 et
892 1817 979 1887 idem
1010 1821 1103 1888 loeus
1128 1826 1179 1888 eat
1201 1828 1289 1890 meta
1374 1909 1376 1912 Ι

171 1929 254 1992 terre
269 1925 417 2011 Templi;
444 1925 562 1993 abhinc
578 1925 668 1993 radit
684 1927 726 1992 od
743 1924 974 2013 oyznoouuu,
1000 1934 1034 1996 et
1057 1929 1103 1996 ibi
1129 1935 1179 1996 est
1202 1933 1290 1996 metu

170 2039 287 2116 terrea,
308 2051 370 2116 quo
386 2031 504 2100 dividit
520 2039 640 2101 terrum
656 2033 785 2121 Templi
801 2041 834 2102 et
849 2045 969 2106 terram
987 2034 1027 2102 do
1042 2035 1205 2132 Bagyulr;
1233 2036 1289 2102 ab·

170 2143 245 2210 hino
259 2160 336 2209 vero
351 2139 555 2228 progreditur
570 2144 614 2210 ad
629 2144 734 2210 looum
744 2193 753 2227 ,
780 2144 835 2228 qui
859 2142 977 2220 dieitur
1005 2142 1147 2228 Gauoat3
1173 2141 1290 2220 deiude

171 2249 356 2337 proceditur
369 2251 414 2318 ad
429 2251 535 2316 looum
544 2300 554 2334 ‚
570 2250 624 2334 qui
639 2252 779 2337 Weyner
795 2247 932 2336 dieitur,
948 2236 980 2318 et
995 2251 1043 2318 ibi
1057 2257 1107 2318 est
1122 2257 1210 2318 meta
1225 2256 1290 2314 ter·

171 2379 248 2444 rea;
265 2366 299 2426 et
315 2357 392 2427 indo
405 2359 576 2426 revertitur
591 2360 635 2428 ud
650 2360 907 2446 prenominatam
923 2367 1062 2444 metam,
1088 2366 1121 2427 et
1141 2359 1188 2426 oie
1203 2363 1292 2424 meto

171 2468 300 2554 Templi
315 2468 355 2534 de
372 2467 461 2536 Gonu
477 2467 698 2556 terminantur.
723 2469 864 2536 Nomina
888 2476 1000 2536 aulem
1014 2467 1239 2534 libertinorum
1255 2467 1302 2553 in¹

172 2575 287 2644 eadem
304 2575 382 2643 villa
397 2575 487 2643 Gonu
502 2577 769 2644 oommorunoium
785 2583 860 2643 sunt
876 2577 955 2643 beo:
981 2575 1088 2644 Buhta
1113 2594 1187 2642 uum
1210 2575 1289 2642 duo·

171 2684 229 2752 buu
253 2681 333 2767 filijo
342 2733 351 2768 ,
367 2682 459 2750 Vrka
475 2701 546 2748 oum
560 2682 662 2768 tribuo
677 2683 755 2770 filijo
764 2735 774 2770 ,
801 2683 977 2770 Eguethow
1003 2703 1075 2750 oum
1100 2681 1167 2751 filio
1184 2702 1242 2750 suo
1258 2688 1292 2749 et·

172 2800 301 2880 nepote,
317 2791 521 2876 Hareghweo
537 2809 609 2858 uum
626 2791 730 2880 tribus
745 2791 845 2878 filijs,
868 2790 952 2858 Bntb
969 2811 1041 2858 oum
1058 2790 1186 2858 dnobus
1201 2788 1290 2876 filiis,

172 2901 273 2982 Gbun,
290 2900 381 2967 Buza
395 2918 467 2965 oum
483 2897 585 2965 tribue
600 2897 686 2985 filiju,
703 2900 860 2968 Martinus
878 2921 948 2968 oum
965 2898 1042 2986 lilio,
1058 2899 1201 2986 lacobus¹
1219 2916 1289 2965 oum

170 3010 256 3090 lilio,
281 3005 411 3074 Burbeb
427 3025 500 3073 uum
516 3007 618 3073 tribuo
633 3005 728 3092 filijs,
752 3009 903 3095 Queregb
928 3027 1001 3076 eum
1022 3005 1109 3094 filio,
1133 3008 1204 3093 Roy
1219 3025 1291 3072 uum
1395 3091 1398 3096 Ι

172 3117 299 3186 duobus
314 3115 401 3202 liiiju,
411 3116 506 3182 Buxu
522 3133 593 3182 uum
607 3116 709 3182 tribus
724 3115 811 3203 filijs,
823 3115 926 3186 Fioeh
943 3137 1016 3182 oum
1033 3114 1110 3198 lilio,
1123 3112 1290 3184 Buranun,

172 3224 298 3293 Fiebok
322 3241 393 3289 oum
418 3221 543 3290 duobus
562 3221 659 3308 bijo,
685 3223 811 3312 Woyek
830 3245 900 3292 oum
919 3231 1056 3308 quatuor
1071 3223 1168 3308 filijs,
1196 3221 1291 3289 Maoh

171 3333 257 3414 lilio,
273 3333 366 3400 Bona
381 3349 454 3398 oum
469 3330 537 3397 filio
545 3378 554 3413 ,
581 3332 697 3398 Petrus
713 3351 784 3398 oum
800 3331 885 3414 lilio,
911 3330 1063 3398 Gbuueob
1080 3350 1152 3398 oum
1168 3328 1291 3398 duobus

171 3441 266 3528 filijr,
283 3439 402 3510 Vitatis
419 3459 491 3506 uum
507 3438 632 3505 duobus
647 3437 744 3524 subju,
761 3441 850 3505 Boou
866 3457 937 3504 oum
955 3438 1080 3506 duobus
1094 3436 1173 3522 tilijo
1189 3443 1222 3504 et
1237 3437 1291 3504 ue·

172 3556 265 3636 pote,
281 3549 437 3616 Maradeo
452 3565 524 3613 oum
539 3545 626 3632 tilio,
646 3534 787 3615 Miehael
803 3559 876 3613 oum
892 3545 1018 3642 duobuu
1033 3544 1111 3632 filijn
1121 3594 1131 3638 ,Ν
1147 3545 1291 3615 Zotimaz
1385 3538 1387 3542 ’

173 3675 245 3725 eum
269 3657 372 3723 tribus
395 3653 473 3740 fitiju
480 3705 492 3740 ,
517 3654 604 3722 Burd
620 3673 693 3721 uum
709 3653 832 3722 duobus
848 3653 926 3741 filije
935 3703 945 3738 ,
963 3653 1063 3724 Sitew
1079 3673 1151 3722 oum
1167 3653 1292 3722 duobus

124 3751 131 3762 “
170 3762 257 3850 filije,
273 3762 395 3852 Tyana,
410 3759 552 3831 Matthias
568 3782 639 3830 uum
653 3761 730 3845 lilio,
746 3762 906 3848 Theoder‚
917 3764 1004 3848 Eur,
1016 3761 1101 3830 Seoh
1126 3783 1197 3830 eum
1214 3761 1290 3830 duo·

170 3873 233 3939 buu
248 3870 412 3957 fratribus,
428 3869 552 3958 Abpao,
569 3869 682 3939 Oboda
698 3890 770 3939 oum
785 3872 911 3941 duobus
927 3869 1016 3958 filijs,
1040 3870 1132 3954 Ywa,
1149 3871 1291 3954 Buohoa,

172 3979 262 4048 Teoa
278 3997 349 4047 oum
366 3978 489 4047 duobus
506 3977 604 4064 dlijo,
629 3977 722 4064 Beth,
738 3981 840 4066 Lego,
857 3979 981 4052 Ghema
997 3973 1068 4048 oum
1084 3963 1190 4048 tribon
1204 3977 1292 4082 bijo

172 4087 286 4165 Baubo
295 4139 305 4175 ,
329 4087 491 4157 Laurenoz
508 4107 581 4154 eum
597 4084 723 4154 duobus
739 4085 914 4172 fratribus,
938 4087 1084 4157 Potehan
1100 4106 1173 4154 oum
1188 4085 1292 4156 tribur

173 4193 270 4282 filijr,
296 4194 480 4282 Stephanus
497 4215 569 4265 oum
583 4195 686 4262 tribua
702 4191 801 4282 filijr,
825 4195 966 4278 Marool,
991 4197 1090 4263 Petur
1116 4213 1187 4261 eum
1214 4194 1292 4280 tilio,

175 4302 286 4370 (lunda
303 4319 374 4371 oum
389 4304 518 4372 duobus
533 4301 623 4390 filije,
638 4301 741 4382 Tbob‚
761 4303 860 4390 cnon,
887 4302 980 4372 Raob
998 4323 1068 4370 oum
1084 4303 1188 4372 tribur
1203 4302 1293 4390 biju,

174 4409 288 4498 Herna,
304 4411 374 4500 Tyn
392 4431 464 4480 uum
478 4411 565 4497 filio,
582 4411 705 4482 Geober
722 4431 793 4480 oum
807 4411 875 4480 filio
883 4463 894 4498 ,
909 4411 1105 4492 Thomoaow
1121 4429 1194 4479 oum
1210 4428 1293 4498 qua·
1359 4469 1361 4476 .

176 4525 246 4587 tuor
268 4519 366 4608 liiiju,
391 4519 494 4590 Wela.
526 4521 569 4590 vt
588 4540 665 4607 ergo
681 4519 743 4588 beo
759 4527 871 4590 nontre
886 4519 1022 4590 douaeio
1036 4519 1134 4588 nullis
1146 4539 1289 4606 mquam

177 4627 373 4718 temporibus
399 4629 442 4698 ab
467 4628 578 4715 aliquo
604 4648 827 4700 ruooeuuorum
851 4635 1032 4699 nostrorum
1056 4627 1166 4697 valeat
1189 4634 1290 4698 retra·
1431 4655 1432 4658 ¹
