3214 5066
686 825 716 903 g
823 821 900 888 roe.

299 1000 435 1068 esoces
450 1003 582 1068 Rouoad
598 1000 849 1086 (Saena-Meinas
862 999 991 1094 meltett)
1013 1003 1160 1068 saldetestt
1176 1003 1314 1087 spalaten
1327 1007 1418 1072 drsok

298 1114 451 1199 eppessdpe
476 1135 497 1174 a
515 1109 745 1197 poncontotmt
769 1114 1006 1178 ceant-mdrtone'
1031 1113 1156 1197 apdttul
1180 1118 1212 1176 de
1235 1111 1416 1180 coaoeuttcl.

470 1235 475 1245 “
809 1220 901 1283 1222.

405 1395 610 1486 G(nnccllus)
635 1399 697 1464 Dei
722 1399 835 1482 gracia
860 1397 1066 1484 spalatensis
1090 1398 1364 1486 Archiepiscopus
1382 1407 1418 1468 et

203 1503 206 1509 ’
298 1501 425 1592 V(ria's)
443 1505 560 1573 eadem
575 1507 687 1590 gracia
702 1505 816 1574 Abbas
833 1511 866 1572 et
881 1512 968 1572 totus
984 1506 1169 1574 Conuentus
1179 1508 1273 1574 Beati
1285 1507 1418 1575 Martini

297 1615 332 1678 in
347 1614 515 1692 Pannonia
531 1615 678 1681 omnibus
690 1611 810 1681 Christi
821 1612 970 1681 fidelibus
985 1633 1121 1700 presens
1137 1615 1291 1699 scriptum
1307 1616 1416 1700 inspe-

298 1719 396 1787 cturis
412 1721 548 1787 salutem
564 1723 597 1789 in
612 1721 760 1788 Domino.
784 1721 996 1787 Vniuetsitati
1014 1721 1122 1789 uestra
1138 1729 1249 1789 notum
1264 1723 1415 1807 facimus,

298 1829 384 1911 quod
407 1827 491 1894 inter
514 1825 677 1896 dominum
703 1827 741 1895 G.
760 1829 979 1896 venerabilem
1002 1830 1228 1922 Spalatensem
1245 1829 1415 1917 Archiepi-

298 1953 427 2022 scopum
444 1941 476 2004 et
490 1957 550 2002 nos
566 1936 627 2003 has
643 1943 772 2014 mutuas
788 1937 923 2003 fecimus
938 1937 1154 2005 donaciones:
1183 1938 1279 2017 Quod
1294 1946 1416 2004 terram

298 2044 340 2110 de
363 2043 474 2111 Rvozd
497 2045 541 2110 ad
564 2065 660 2111 unum
684 2051 825 2112 aratrum
851 2067 924 2112 cum
950 2046 1053 2130 silua,
1080 2051 1174 2131 prato
1200 2054 1233 2112 et
1259 2045 1415 2132 pomerio,

299 2169 394 2232 quam
410 2150 452 2216 ab
468 2151 538 2236 ipso
554 2151 680 2237 pridem
696 2171 928 2250 acceperamus
953 2173 1012 2239 pro
1037 2154 1289 2221 commutacione
1307 2151 1413 2220 cuins·

299 2259 374 2324 dam
390 2257 454 2324 loci
469 2259 523 2340 qni
539 2259 658 2326 Vinula
673 2259 788 2325 dieitur
814 2261 875 2326 sibi
898 2253 933 2324 'in
958 2259 1045 2325 hunc
1059 2258 1186 2326 modum
1202 2256 1414 2338 reddidimus,

299 2373 334 2430 ut
349 2364 452 2430 donec
467 2365 592 2432 uiueret
616 2373 761 2432 nostram
790 2366 994 2433 iureiurando
1019 2366 1171 2452 diligeret
1185 2367 1366 2434 Ecclesiam
1382 2371 1416 2448 et

299 2472 362 2538 sibi
377 2470 480 2538 tidelis
497 2479 602 2558 esset;
629 2473 700 2557 ipso
716 2493 793 2540 uero
810 2473 989 2541 decedente
997 2467 1075 2539 '‘cum
1094 2453 1180 2540 omni
1195 2472 1414 2559 possessione,

168 2587 177 2610 ⁸
299 2598 397 2661 quam
420 2577 540 2645 ibidem
562 2582 633 2665 ipse
652 2581 925 2680 Arclriepiscopus
952 2581 1150 2665 ordinauerit
1175 2581 1218 2650 ad
1242 2601 1333 2648 nsum
1357 2601 1413 2648 no·

298 2693 397 2752 strum
422 2687 599 2773 predictam
624 2695 744 2755 terram
769 2687 974 2773 recipiemus.
1001 2689 1156 2756 Similiter
1172 2696 1204 2756 et
1219 2691 1323 2776 ipsius
1341 2709 1412 2774 pro

297 2795 402 2881 priam
418 2803 547 2882 terram,
564 2817 626 2883 que
644 2799 739 2882 uulgo
749 2799 899 2888 Vanyola
915 2799 1040 2882 dicitur,
1058 2799 1149 2865 cuins
1167 2798 1326 2866 medietas
1342 2817 1413 2864 cum

297 2911 392 2992 prato
417 2909 540 2971 tantum
567 2912 695 2991 spectat
720 2907 764 2972 ad
788 2893 925 2992 ipsum,
939 2908 1098 2976 medietas
1125 2927 1201 2974 uero
1218 2907 1356 2993 pertinet
1371 2905 1414 2971 ad

299 3013 432 3080 fratrem
451 3033 541 3080 suum
566 3016 611 3098 (l,
642 3033 712 3100 sua,
737 3022 773 3082 ut
788 3016 937 3101 diximus,
954 3016 1063 3100 porcio
1079 3015 1227 3101 plenarie
1242 3023 1275 3080 et
1289 3015 1413 3098 absque

299 3121 384 3188 omni
400 3121 660 3188 contradiccione
685 3126 719 3190 in
745 3125 794 3191 ius
813 3125 1044 3192 hereditarium
1060 3131 1173 3191 nostre
1189 3123 1414 3210 approprietur

299 3230 456 3297 Ecclesia.
472 3230 527 3298 He
543 3237 656 3298 contra
672 3253 731 3300 nos
747 3233 923 3319 insignum
939 3235 1059 3322 amoris
1077 3239 1215 3318 quatuor
1239 3231 1302 3296 sibi
1327 3227 1411 3296 dedi-

298 3357 369 3404 mus
393 3339 494 3406 boucs
519 3349 552 3408 et
576 3341 682 3429 ipsum
707 3342 912 3410 iureiurando
937 3345 1024 3412 bona
1044 3351 1190 3409 tenemur
1207 3339 1270 3406 fide
1286 3357 1415 3423 semper

299 3448 434 3534 diligere
450 3457 483 3516 ct
498 3469 555 3538 pro
572 3471 670 3537 posse
686 3456 793 3518 nostro
810 3452 988 3534 honorare,
1012 3460 1045 3518 et
1061 3449 1214 3534 quamdiu
1230 3448 1364 3513 ueniens
1380 3445 1412 3510 in

257 3547 259 3555 '
298 3556 411 3622 uillam
427 3559 539 3624 Ruozd
555 3579 677 3625 moram
691 3559 805 3626 fecerit
813 3609 822 3642 ,
848 3559 911 3650 sibi
937 3560 1137 3646 prebendam
1165 3575 1237 3622 cum
1251 3573 1412 3633 mensura,

301 3667 385 3732 sicut
399 3667 454 3731 uni
470 3665 510 3733 de
527 3665 678 3734 tratribus
694 3666 772 3734 dare
792 3672 955 3755 tenemur,
981 3675 1014 3734 ct
1030 3667 1208 3749 annuatim,
1233 3664 1317 3730 sieut
1342 3680 1414 3728 con·

301 3771 435 3841 suetudo
452 3781 502 3840 est
516 3775 674 3859 Ecclesia,
691 3775 753 3841 sibi
768 3777 877 3843 bottas
893 3795 964 3842 cum
980 3775 1111 3862 pellicio
1127 3773 1294 3856 dabimus;
1320 3773 1415 3856 prout

300 3881 362 3948 hoc
377 3883 529 3967 scriptum
553 3881 678 3948 firmum
702 3883 927 3968 illibatumque
950 3891 1106 3970 perpetuo
1121 3898 1312 3968 permanere
1326 3875 1414 3962 sigil-

301 3993 402 4058 lorum
418 3997 598 4058 nostrornm
613 3990 787 4057 munimine
803 3991 1080 4059 corroborauimue
1098 3997 1129 4056 et
1144 3989 1252 4074 sigillo
1268 3984 1413 4052 eiusdem

300 4097 543 4186 Archicpiscopi
559 4099 747 4166 communiri
762 4097 908 4181 fecimus,
926 4105 959 4164 et
974 4099 1113 4166 Abbatis
1128 4093 1362 4176 waradiensis,
1378 4089 1413 4154 in

302 4208 393 4275 cuius
416 4208 587 4293 presencia
609 4209 670 4276 hec
696 4207 963 4276 confirmauimus.
995 4209 1089 4274 Anno
1114 4207 1156 4272 ab
1182 4201 1412 4272 incarnacione

301 4317 431 4385 Domini
446 4315 640 4418 meum.

181 4571 184 4579 .
304 4491 447 4563 (Eredctie
459 4491 633 4565 bdrhdrtydn
645 4494 716 4562 irva,
736 4493 854 4563 melyrd'l
867 4491 975 4566 egylror
987 4488 1094 4558 haram,
1114 4495 1188 4546 most
1200 4487 1259 4544 mar
1273 4487 1341 4543 caak
1354 4501 1412 4558 egy

321 4629 330 4640 .
438 4585 533 4654 pecsdt
545 4583 624 4656 sugg,
640 4601 657 4640 a
670 4581 883 4640 snentmdrtoni
894 4580 1046 4662 fdapdtsdg
1058 4578 1277 4652 levdltdraban.)

745 4753 929 4766 ,.-..-....-.--
942 4753 986 4766 -μ,
