3222 5054
700 887 779 954 ¹54.

279 1065 409 1130 Braaza
425 1065 595 1132 dalmatiai
607 1067 704 1152 szipet
718 1066 868 1132 birdr'oulc
884 1067 1084 1168 dizooyadpa.
1102 1071 1200 1134 1228.
1289 1145 1293 1160 Ι

287 1245 326 1309 ln
364 1243 486 1328 Christi
512 1245 640 1310 nomine
665 1247 779 1311 Amen.
811 1247 906 1312 Anno
945 1247 1193 1315 Inoarnaciouis
1225 1248 1309 1314 Jesu

181 1349 302 1418 Christi
328 1351 570 1420 MOOXXVIII.
599 1352 651 1419 die
679 1355 731 1420 21.
757 1353 872 1448 llarcii
904 1353 1144 1422 dominantibus
1179 1357 1308 1422 Illustre

182 1459 273 1542 Rege
305 1459 450 1542 Andrea,
483 1459 599 1527 Braoie
623 1461 748 1528 Gemite
772 1462 935 1547 Drusina,
952 1463 1087 1548 Zupano
1111 1462 1309 1549 Dragoslav,

181 1565 312 1634 ludices
339 1568 538 1651 Parvoslav,
565 1578 597 1634 et
619 1570 796 1655 Gregorius
815 1571 984 1654 'Dragosii
1018 1569 1207 1655 Comparuit
1232 1579 1310 1636 ante

180 1675 303 1740 curiam
318 1675 352 1740 in
369 1671 485 1741 Neroni
501 1677 582 1742 Ivan
600 1677 693 1762 Bloj,
721 1684 755 1742 et
781 1679 983 1764 presentavit
998 1680 1189 1762 pecuniam,
1214 1684 1310 1762 prout

180 1781 214 1847 in
229 1783 371 1850 sudbina
386 1802 445 1868 pro
462 1786 559 1850 vinea
570 1785 742 1870 viperino,
760 1793 793 1852 et
807 1782 1001 1852 licenciatns
1020 1785 1087 1851 suit.
1107 1787 1148 1852 Et
1159 1805 1220 1870 ego
1231 1789 1309 1853 Bar-

181 1889 287 1957 nabas
303 1890 568 1992 archipresbyter
580 1891 710 1976 juratus
727 1893 836 1958 scriba
853 1893 1095 1959 communitatis
1112 1894 1242 1980 scripsi.

182 2065 342 2140 (Cieeara'li
355 2063 434 2137 utto,
452 2065 657 2127 Osseruaaioni
678 2071 753 2130 sulla
771 2069 847 2126 isola
861 2070 937 2126 della
949 2069 1070 2140 Braaza,
1091 2069 1184 2124 1oo.1.
1208 2067 1310 2141 Caeci.)

622 2333 868 2348 w

716 2679 794 2744 155.

185 2859 231 2923 Il.
248 2857 359 2923 marc
374 2849 483 2944 ttrclp
498 2879 520 2920 a
529 2855 762 2943 pooocradulmi
771 2861 1006 2924 azeca-mortona·
1016 2863 1153 2945 apdtsdp
1169 2845 1328 2924 aadoadra

337 2967 456 3033 Mallos
471 2965 640 3032 oddorcalc
655 2965 705 3032 dat
720 2968 836 3034 itelatct
852 2969 964 3034 croceas
977 2991 1057 3056 orep.
1075 2971 1168 3034 1229.

292 3146 442 3214 Andreas
467 3147 531 3214 Dei
555 3148 668 3232 gracia
693 3146 897 3232 Vngarorum
923 3149 995 3214 Rex
1020 3149 1171 3216 omnibus
1197 3145 1314 3232 quibus

184 3274 323 3340 presens
338 3255 463 3342 pagiua
478 3255 622 3341 patuerit
638 3257 797 3340 salutem,
824 3265 858 3322 et
886 3257 1134 3324 omnebonum.
1167 3255 1246 3322 Cum
1264 3273 1315 3336 ea,

186 3381 250 3447 que
275 3362 518 3430 deliberacione
544 3363 699 3430 bonorum
722 3365 866 3447 legitime
883 3364 1097 3447 disponuntur
1112 3367 1316 3446 posterorum

186 3469 449 3538 commendanda
464 3471 583 3538 noticie
600 3478 673 3539 rata
690 3489 819 3556 semper
844 3478 877 3538 et
903 3469 1100 3536 inconcussa
1124 3485 1316 3554 permanere

186 3578 341 3662 debeant,
361 3577 406 3644 ad
420 3579 522 3664 Regie
540 3577 724 3647 Maiestatis
742 3577 977 3649 excellenciam
993 3577 1149 3662 precipue
1165 3576 1316 3664 pertinet,

186 3691 221 3752 ut
236 3705 300 3770 que
317 3687 443 3770 Regum
457 3687 654 3754 auctoritate
670 3705 728 3753 seu
745 3687 926 3754 donacione
953 3686 986 3750 in
1012 3686 1210 3770 ampliandis
1235 3681 1317 3748 locis

187 3795 230 3861 ad
245 3794 309 3860 Dei
325 3793 444 3860 cultum
460 3793 621 3860 dedicatis
637 3801 888 3882 pertractantur,
900 3793 1012 3861 standi
1029 3795 1174 3878 vigorem
1190 3794 1224 3862 in
1239 3811 1317 3877 per-

188 3906 322 3988 petuum
337 3902 529 3970 sarciantur.
554 3901 625 3968 Hac
642 3903 803 3986 siquidem
819 3910 852 3970 et
868 3923 929 3969 nos
946 3900 1230 3970 animaduersione
1245 3919 1318 3986 pre·

188 4009 303 4076 moniti
319 4010 361 4076 ad
377 4010 574 4095 peticionem
589 4010 732 4076 fidelium
744 4019 933 4080 nostrorum
948 4009 1031 4078 Vrie
1043 4011 1182 4076 Abbatis
1191 4056 1201 4090 ,
1224 4011 1319 4074 etto

188 4118 258 4184 cius
269 4117 455 4184 Casuentus
466 4119 580 4186 Sancti
591 4119 724 4187 Martini
740 4121 925 4204 annuimus,
942 4125 977 4186 ut
993 4120 1148 4185 dilectum
1163 4119 1316 4194 nostrum,

189 4225 292 4293 Bulsu
308 4226 383 4292 aule
398 4226 641 4294 cancellarium
667 4237 700 4294 et
726 4229 941 4296 Geuriensem
957 4201 1219 4313 Propositum'ad
1233 4221 1320 4307 ipso·

190 4353 261 4401 rum
278 4333 512 4401 monasterium
527 4334 761 4421 dirigeremus,
787 4343 823 4403 ut
847 4337 960 4403 literas
985 4334 1114 4402 Nicolai
1140 4331 1198 4396 lilii
1212 4329 1320 4396 Borclr

193 4441 357 4528 quondam
374 4441 510 4510 Ocmitis
535 4443 681 4509 Palatini
705 4443 828 4533 duplici
853 4442 961 4528 sigillo
987 4461 1046 4508 sno
1070 4437 1261 4521 roboratas,
1286 4437 1321 4503 in

185 4545 341 4638 (quibus)
351 4549 581 4638 possessiones
597 4549 813 4636 continentur,
830 4569 912 4634 quas
928 4569 988 4637 per
1004 4547 1159 4616 iudicium
1171 4543 1321 4610 dictiPa-

188 4659 288 4753 latini
303 4659 392 4727 iusto
407 4659 505 4728 titulo
521 4659 749 4746 requisierant,
760 4659 900 4728 fideliter
914 4655 1101 4744 inspiceret,
1113 4661 1147 4722 et
1162 4653 1321 4797 decerno

1153 4761 1192 4828 17
