3198 5058
160 1061 219 1128 lx.
229 1060 364 1150 θυμοῖς]
373 1061 466 1148 popa
482 1081 504 1124 α
519 1057 659 1124 ltoaztct'ot⁸
674 1055 834 1122 euectae
850 1055 929 1121 attat
944 1053 1091 1123 larezotct
1103 1057 1283 1137 tenesmos·

441 1169 492 1233 tet
501 1163 697 1254 portfopdaa
712 1165 768 1229 atat
783 1165 874 1230 oeazi.
907 1166 1004 1230 1234.

267 1345 447 1435 Gregorius
482 1345 663 1436 spiscopus
688 1351 751 1412 etc.
781 1344 908 1412 dilectis
939 1344 1016 1411 filiis
1049 1343 1285 1429 crucesignatis

162 1462 278 1526 cenna
299 1455 461 1524 hereticos
485 1453 660 1522 Sclavenie
685 1451 890 1540 inpartibus
917 1453 1063 1536 Ungarie
1090 1452 1286 1537 constitutis,

161 1566 303 1636 salutem
327 1571 388 1632 eto.
414 1564 635 1633 Sacrosaneta
658 1561 807 1628 Romana
831 1561 983 1628 Ecclesia
998 1567 1060 1627 etc.
1093 1561 1174 1628 (lum
1191 1561 1288 1644 igitur

161 1675 233 1742 zelo
247 1672 326 1741 fidei
341 1691 381 1739 ae
396 1669 581 1740 devotionis
596 1669 746 1754 accensi,
772 1669 867 1755 signo
890 1667 1017 1735 vivifice
1043 1671 1147 1736 crucis
1163 1687 1287 1736 assum·

160 1789 227 1871 pto,
236 1778 473 1869 proposueritis
488 1779 523 1846 in
539 1779 749 1848 sclavoniam
759 1777 1108 1859 contranerctiecrum
1117 1777 1287 1865 perfidiam

160 1889 320 1978 protonat
329 1937 339 1973 ,
364 1909 425 1959 nos
441 1887 560 1957 restris
576 1879 670 1956 iustis
684 1888 838 1975 precibus
853 1887 1021 1974 inclinati,
1047 1907 1206 1972 personas
1231 1909 1287 1954 ue·

160 2007 248 2068 atras
264 2019 337 2067 cum
355 1997 502 2066 omnibus
516 1997 612 2064 bonis
622 2045 630 2080 ,
656 2015 721 2080 que
746 1997 1029 2081 impresentiarum
1046 1997 1288 2064 rationabiliter

161 2106 360 2195 possidetis,
383 2105 444 2174 sub
468 2105 564 2172 Beati
580 2104 668 2172 Petri
684 2111 715 2171 et
730 2107 845 2173 nostra
859 2106 1062 2192 protectione
1078 2105 1286 2198 suscipimus,

162 2221 365 2299 statuentes,
389 2217 425 2280 ut
449 2217 623 2301 postquam
643 2212 846 2299 arripueritis
863 2213 925 2282 iter
941 2215 1215 2302 peregrinationis
1231 2205 1287 2286 bu-

161 2322 310 2410 iusmodi',
322 2323 492 2409 eaomnia,
503 2321 609 2390 donec
624 2322 667 2389 de
682 2329 792 2390 vestm
808 2322 912 2390 reditu
928 2325 981 2392 vel
998 2327 1089 2392 obitu
1106 2325 1287 2396 certissime

162 2437 389 2519 cognoscatur,
400 2425 531 2516 integra
543 2435 699 2497 maneant
715 2435 747 2498 ot
762 2430 885 2514 quieta.
901 2431 992 2498 Nulli
1006 2453 1085 2515 ergo
1102 2437 1162 2500 cto.
1179 2415 1288 2502 nostre

160 2540 375 2627 protectionis
400 2543 433 2606 et
456 2538 697 2606 constitutionis
722 2537 900 2620 intringere
926 2547 987 2605 etc.
1020 2542 1141 2608 Datum
1164 2543 1291 2612 Perusii

163 2649 251 2717 XVI.
268 2646 335 2714 ltal.
351 2647 557 2732 Novembris,
574 2645 788 2714 Pontificatus
805 2648 907 2714 nostri
924 2628 1010 2714 anno
1027 2655 1154 2718 octauo.

269 2755 433 2842 Scriptum
449 2761 501 2822 est
517 2773 617 2841 super
631 2755 692 2821 hoc
710 2803 718 2820 .
737 2803 744 2820 .
761 2804 769 2819 .
786 2754 950 2841 Episcopo
965 2755 1192 2841 Zagabriensi.
1209 2758 1289 2826 Cum

163 2863 302 2934 dilectos
318 2864 403 2932 filios
414 2865 663 2950 crucesignatos
675 2869 790 2931 contra
804 2863 967 2931 hereticos
977 2865 1161 2952 Solanonie,
1172 2869 1205 2934 in
1216 2889 1291 2955 par·

164 2973 249 3040 tibus
264 2971 412 3060 Ungarie
429 2973 631 3057 constitutos,
650 2973 706 3056 qui
721 2974 792 3039 zelo
808 2971 885 3040 lldei
901 2993 941 3040 ae
957 2959 1143 3042 devotionis
1160 2976 1291 3044 accensi

164 3102 268 3169 sogno
293 3079 423 3149 vivifice
448 3079 553 3146 crucis
579 3085 749 3165 assumpto
773 3091 1012 3166 proposuerunt
1030 3086 1064 3150 in
1081 3083 1290 3151 Solanoniam

166 3197 280 3258 tonna
293 3187 509 3258 hereticorum
524 3187 695 3274 perfidiam
711 3188 889 3275 proticisci,
915 3207 987 3256 cum
1012 3192 1161 3258 omnibus
1186 3191 1290 3273 bonis,

166 3317 230 3382 que
245 3297 529 3383 impresentiarum
544 3297 783 3364 rationabiliter
797 3295 988 3382 possident,
1015 3299 1074 3364 sub
1091 3297 1185 3365 Beati
1202 3301 1291 3366 Petri

165 3405 405 3492 susceperimus
421 3406 624 3491 protectione
640 3425 681 3470 ao
696 3411 827 3488 nostra,
845 3411 1048 3487 statuentes,
1066 3413 1101 3471 ut
1116 3415 1292 3491 postquam

167 3521 229 3582 cte.
253 3531 357 3597 utque
382 3514 511 3598 integra
535 3518 690 3580 maneant
714 3518 747 3578 et
772 3513 900 3595 quieta:
932 3511 1130 3580 fraternitati
1155 3520 1208 3580 tue
1234 3537 1293 3602 per

166 3623 359 3710 Apostoliea
373 3621 497 3707 scripta
518 3623 732 3707 mandamus,
759 3627 920 3707 quatenus
936 3641 1000 3688 non
1015 3623 1185 3708 permittas
1202 3625 1293 3711 ipsos

167 3736 282 3800 oonma
295 3729 510 3816 protectionis
526 3733 560 3796 et
575 3729 816 3798 constitutionis
832 3737 941 3796 nostre
957 3736 1102 3800 tenorem
1118 3733 1161 3799 ab
1177 3735 1293 3820 aliqui·

166 3839 228 3906 bus
243 3836 419 3925 superbiis
436 3836 582 3907 indebite
597 3837 777 3924 molestari,
794 3841 1021 3907 molestatores
1036 3840 1221 3911 huiusmodi
1236 3863 1296 3928 per

167 3965 339 4014 censuram
370 3947 643 4028 ecelesiasticam,
666 3947 890 4034 appellatione
925 3950 1125 4036 postposita,
1168 3971 1293 4036 compe-

169 4054 301 4124 scendo.
317 4053 440 4124 Datum
456 4062 492 4123 ut
509 4071 618 4142 snpra.

241 4231 304 4305 (tlt.
324 4231 451 4304 Gergely
470 4229 546 4305 papa
563 4231 750 4304 Regastttbtl
769 4235 894 4292 Theiner
912 4237 949 4294 id.
970 4254 1006 4291 m.
1027 4235 1049 4290 l.
1068 4235 1095 4290 k.
1115 4236 1175 4290 129.
1195 4235 1229 4310 l.)

602 4493 825 4504 ——-—---—-

227 4821 348 4868 UONUU.
362 4822 458 4869 HUNG.
470 4821 551 4868 ntes.
564 4845 588 4855 -
604 4825 685 4868 ntra.
698 4829 720 4867 8.
