3222 5054
686 329 852 440 Q

200 515 282 586 teris
304 485 458 589 intimari.
489 521 611 590 Datum
635 523 739 594 Recte
761 526 803 594 Π.
827 526 901 595 Κι1.
925 526 1084 598 Octobris.
1116 529 1327 604 Pontificatus

197 631 303 698 nostri
321 651 408 701 cuno
424 631 548 718 quinto.

360 808 502 885 (Eredctio
521 827 540 868 ι
557 811 766 872 szsntmuirtcni
784 813 938 891 respectu
955 815 1170 892 terestrium).

633 1097 902 1112 Ἤ

724 1443 804 1514 m.

198 1615 259 1686 IX.
283 1617 418 1709 Gorpclp
434 1625 528 1708 papo
553 1645 575 1688 o
596 1571 828 1712 pcrunocsholmi
856 1629 1098 1698 mer-neruos·
1123 1631 1154 1696 ta
1184 1649 1206 1694 o
1229 1627 1326 1716 potiri

326 1731 503 1818 mpetu
523 1731 611 1800 tout
626 1755 720 1820 perce
742 1733 863 1822 {upton
886 1734 1074 1820 ιἰιιέῂιιάιῚι.
1098 1737 1197 1802 1231.

304 1905 481 1994 Gregorius
505 1909 689 2003 Episcopus
715 1931 830 1982 seruus
854 1933 1024 1982 seruorum
1048 1913 1111 1982 Dei
1141 1913 1323 1983 venorabili

197 2008 311 2079 freni.
328 2064 337 2082 .
354 2064 363 2082 .
379 2013 543 2102 Episcopo
560 2025 592 2086 et
608 2022 739 2090 dilectis
756 2019 856 2088 filiis.
873 2072 881 2088 .
899 2019 1070 2108 Proposito
1087 2025 1121 2088 et
1137 2070 1144 2086 .
1162 2069 1171 2086 .
1188 2021 1324 2090 cantori

197 2115 361 2190 Jouriensi
386 2125 525 2220 sulutem
549 2133 581 2194 et
597 2127 825 2215 Apostolicam
849 2125 1120 2195 benedictionem.
1144 2125 1267 2196 Dilecti
1289 2127 1323 2194 r-

195 2227 251 2294 lii.
270 2276 279 2294 .
295 2278 304 2294 .
321 2228 434 2300 Abbss
451 2239 485 2300 ct
501 2231 691 2304 conuentus
707 2235 819 2303 Sancti
836 2229 969 2302 Martini
984 2233 1026 2300 de
1040 2235 1213 2303 Pannonis
1228 2235 1324 2302 nobis

198 2339 426 2422 conquerendo
456 2349 697 2424 monstrarunt,
726 2342 814 2427 quod
846 2349 918 2412 ortu
945 2342 1022 2409 olim
1053 2341 1138 2410 inter
1163 2343 1254 2430 ipsos
1282 2363 1325 2410 ex

197 2451 291 2530 perte
314 2466 399 2534 uno,
424 2456 456 2517 et
475 2451 637 2520 Abbctem
661 2460 695 2520 ct
713 2450 916 2520 conuentum
941 2448 1170 2518 Pellisiensem
1192 2451 1324 2538 Vespri-

198 2555 332 2623 ruiensis
347 2553 499 2626 Diocesis
516 2581 559 2628 ex
574 2559 682 2628 alters
705 2580 803 2647 super
819 2557 1015 2643 quibusdum
1032 2556 1167 2626 decimis
1182 2559 1323 2642 questio-

198 2682 248 2750 ne,
270 2663 400 2733 demum
423 2667 458 2734 in
473 2667 627 2736 dilectum
650 2667 751 2736 filium
774 2665 930 2756 Egidium
953 2663 1197 2733 Subdiaconum
1212 2673 1246 2734 et
1261 2667 1341 2734 Ga·-

197 2773 363 2862 pellunnm
383 2781 528 2846 nostrum
550 2783 628 2844 tuno
650 2775 683 2842 in
699 2775 846 2862 Vngaris
862 2775 1058 2842 existentem
1073 2771 1135 2840 suit
1154 2771 1324 2842 hincinde

196 2893 354 2968 tunquam
373 2883 408 2950 in
423 2883 581 2954 arbitrum
597 2883 883 2973 compromissum,
900 2883 955 2968 qui
972 2902 1091 2967 equum
1107 2883 1192 2950 inter
1207 2890 1329 2970 partes-

198 2991 367 3060 srbitrium
381 2995 615 3082 promulgant,
632 2994 719 3078 quod
733 2991 943 3080 supradictus
959 2989 1072 3057 Abbcs
1089 2995 1122 3058 et
1137 2992 1323 3060 conuentus

197 3099 400 3168 Pellisiensis
424 3103 599 3170 obseruare
632 3123 691 3190 pre
717 3123 775 3170 suc
798 3099 978 3168 uoluntatis
1003 3097 1137 3166 arbitrio
1161 3099 1323 3168 contrudi-

198 3216 283 3278 cunt
304 3209 467 3290 Quocirca
482 3210 670 3280 discretioni
684 3216 795 3280 cestre
810 3227 869 3294 per
885 3205 1078 3292 Apostoliec
1093 3205 1218 3292 scripte
1233 3227 1324 3274 mun·

197 3315 333 3402 domus,
360 3316 512 3401 quatinus
536 3317 627 3404 ipsos
653 3315 698 3384 cd
723 3314 869 3384 eiusdem
895 3309 1158 3379 obseruationem
1183 3312 1322 3396 arbitrii,

196 3427 280 3496 sicut
296 3431 347 3493 est
362 3445 498 3512 equum,
523 3442 580 3512 per
602 3445 721 3513 penem
744 3424 779 3489 in
799 3417 1031 3506 compromisso
1050 3437 1242 3504 expressum
1265 3439 1322 3508 sp
1451 3407 1460 3422 '

197 3534 375 3624 peilationc
390 3542 516 3603 remoto
531 3535 668 3620 cogatis.
692 3531 787 3616 Quod
809 3531 840 3599 si
860 3549 925 3597 uon
941 3545 1053 3596 omncs
1076 3526 1141 3594 hiis
1161 3547 1322 3612 exequen-

199 3645 252 3712 dis
267 3643 439 3732 potueritis
456 3644 624 3731 interesse,
641 3649 686 3730 tu,
703 3640 807 3710 frater
821 3638 994 3726 Episcopo,
1010 3655 1204 3706 cumeorum
1218 3637 1323 3708 altero

196 3769 239 3820 es
261 3749 491 3819 nichilominus
515 3751 700 3836 exequeris.
731 3749 855 3817 Datum
876 3747 982 3814 Recte
1004 3745 1064 3814 ΠΙ.
1088 3745 1166 3814 Idus
1184 3743 1323 3815 Nouem·

196 3858 275 3926 bris.
298 3858 511 3928 Pontificatum
526 3859 630 3927 nostri
645 3877 733 3926 enno
749 3857 871 3940 quinto.

360 4035 504 4108 (Eredstis
517 4053 536 4094 ι
547 4032 766 4096 ssent-mirtcni
778 4027 931 4106 itepiistg
942 4027 1163 4100 reverentem.)

639 4293 895 4306 h-—d——t—-fl

256 4753 380 4802 101111.
385 4751 482 4800 me.
489 4749 571 4798 ΕΜ.
583 4769 610 4784 -
622 4747 704 4794 ntro
718 4749 740 4791 ὕ·
