3222 5054
770 321 931 422 343—
1034 353 1035 356 ,

289 519 419 612 bomine
433 517 583 606 Abbatis,
599 539 640 588 ac
653 519 803 588 similiter
819 515 944 605 iurato,
969 518 1055 604 qnod
1071 520 1233 589 malitiose
1254 541 1320 590 non
1335 541 1413 592 con·

286 628 437 713 tradioat,
454 629 621 697 educatur.
632 628 750 698 Vinum
766 645 845 694 nero
862 630 1042 715 emptitium
1057 631 1165 698 nullus
1180 629 1413 699 canonicorum

285 738 340 803 nel
353 737 546 825 populorum
561 737 716 805 Albensis
732 736 880 805 Ecclesie
896 733 1030 824 educat3
1047 737 1111 806 nisi
1126 738 1249 805 homini
1259 737 1411 824 Abbatis,

286 848 316 916 si
330 864 466 932 presens
481 845 580 913 inerit
595 851 629 913 et
644 846 693 912 ire
708 845 849 915 uoluerit
857 897 867 932 ,
893 864 1007 912 uerum
1033 845 1236 916 uenditorem
1252 848 1411 935 assignet.

286 954 323 1022 Si
338 974 416 1023 uero
432 953 528 1022 homo
543 952 684 1020 Abbatis
700 951 821 1021 absens
840 953 957 1038 luerit,
978 957 1032 1022 nel
1046 973 1181 1042 presens
1196 957 1245 1023 ire
1260 955 1412 1040 noluerit,

286 1063 457 1147 assignato
483 1062 652 1130 nenditcro
676 1062 840 1129 sacerdoti
866 1062 979 1156 lociin
995 1063 1162 1148 presentia
1177 1064 1274 1132 trium
1290 1063 1331 1130 de
1346 1083 1413 1133 me·

286 1170 421 1240 lioribus
444 1171 630 1240 bominibus
645 1169 766 1238 ibidem
782 1169 1047 1238 cohabitantibus
1065 1177 1189 1258 emptor
1205 1173 1309 1242 libere
1323 1191 1412 1240 reoc-

287 1279 354 1348 dat
370 1281 452 1347 Item
468 1278 650 1361 statuimus,
668 1279 756 1362 quod
772 1279 801 1346 si
817 1278 930 1346 Abbas
948 1286 980 1348 et
996 1279 1184 1350 Conuentus
1201 1280 1316 1348 Sancti
1326 1281 1412 1348 llar-

285 1387 356 1474 tini,
373 1388 425 1454 uel
441 1389 630 1473 Propositus
648 1394 682 1454 et
698 1386 883 1474 Capitulum
898 1387 1061 1474 Albense,
1086 1389 1140 1456 nel
1156 1407 1266 1457 eorum
1281 1407 1410 1458 sueces-

287 1514 378 1565 sores
395 1502 509 1563 contra
524 1503 670 1563 tenorem
685 1495 765 1561 dicti
783 1493 949 1581 priuilegii
965 1495 1091 1580 aliquid
1106 1497 1254 1567 facerent
1263 1549 1273 1584 ,
1298 1498 1332 1564 in
1356 1516 1413 1583 pc·

286 1621 363 1670 nam
379 1603 629 1689 quingentarum
646 1621 827 1670 marcarum
843 1602 1043 1690 inciderent,
1069 1612 1103 1674 et
1126 1625 1320 1692 quecunque
1335 1625 1413 1694 pars

287 1717 400 1780 contra
424 1713 568 1798 iaceret,
595 1711 805 1778 medietatem
830 1710 975 1798 predicte
1001 1734 1085 1800 pene
1102 1715 1251 1783 Ecclesie
1266 1716 1414 1783 Romane

286 1822 449 1906 solueret,
476 1827 509 1889 et
523 1819 733 1888 medietatem
749 1821 835 1908 parti
850 1820 1021 1890 arbitrium
1036 1821 1225 1891 obseruanti
1234 1873 1244 1909 ,
1271 1829 1304 1890 et
1326 1841 1414 1909 pena

286 1929 394 1998 seluta
410 1930 519 1996 omnia
534 1927 724 2016 supradicta
740 1929 774 1995 in
790 1947 852 1996 sna
866 1935 1060 1997 remaneant
1075 1928 1241 2000 firmitate.
1267 1933 1349 2000 Item
1364 1950 1414 1998 re·

287 2037 489 2108 seruauimus
513 2037 608 2106 nobis
633 2044 829 2124 potestatem
855 2036 1051 2105 cohercendi
1076 2046 1285 2108 contumaces
1310 2058 1414 2123 usqne

287 2147 331 2216 ad
353 2153 483 2232 tenpus
507 2167 567 2232 per
591 2147 789 2216 decretalem
816 2147 922 2214 felicis
949 2149 1102 2216 memorie
1124 2149 1309 2218 Innocentii
1323 2149 1415 2234 Papa

286 2257 376 2324 tertii
401 2273 601 2324 concessam.
627 2253 680 2323 Ad
700 2256 857 2324 maiorem
874 2261 983 2324 autem
999 2258 1160 2325 cautelam
1177 2262 1349 2344 presentes
1364 2255 1414 2323 lit

286 2371 377 2430 teras
392 2361 464 2430 fieri
478 2361 614 2430 fecimus
630 2363 734 2448 sigilli
748 2365 851 2432 nostri
868 2371 901 2431 et
916 2365 1098 2450 sigillorum
1115 2367 1265 2452 magistri
1280 2365 1412 2434 Manas-

286 2489 340 2538 ses
356 2471 584 2540 Archidisconi
599 2470 640 2538 de
657 2473 790 2540 Saswar
807 2479 839 2538 et
855 2473 1013 2540 Canonioi
1030 2474 1278 2560 Strtgoniensis,
1296 2481 1329 2540 et
1344 2473 1410 2539 Ab

286 2580 374 2648 batis
389 2585 422 2646 et
436 2579 621 2649 Conuentus
637 2579 751 2648 Sancti
767 2579 921 2665 Martini,
948 2587 980 2648 et
1004 2583 1167 2668 Propositi
1177 2631 1187 2667 ‚
1214 2588 1248 2651 et
1272 2578 1415 2666 Capituli

281 2687 442 2756 -hlbensis
466 2687 642 2754 munimine
673 2689 859 2757 roboratas.
890 2691 1008 2766 Actum
1033 2697 1084 2757 est
1108 2690 1228 2757 hocin
1252 2685 1416 2773 Hospitali

287 2795 402 2864 Sancti
417 2796 578 2882 Stephani
592 2797 693 2883 Regis
709 2797 744 2865 in
761 2798 937 2884 Strigonio,
959 2817 1046 2865 anno
1061 2793 1416 2866 InoarnacionisChri·

287 2904 330 2972 sti
345 2904 519 2972 millesimo
534 2904 754 2973 ducentesimo
771 2905 928 2974 vicesimo
945 2926 1042 2988 nono,
1061 2904 1276 2974 Pontificatcs
1292 2899 1415 2971 domini

287 3012 437 3100 Gregorii
454 3013 532 3080 noni
546 3015 637 3101 Papa
652 3033 738 3082 anno
754 3015 860 3099 tertio,
878 3033 992 3084 mense
1007 3013 1105 3098 Jnlic,
1123 3013 1176 3080 die
1192 3017 1299 3081 sexta.
1324 3007 1412 3077 Indi·

288 3121 394 3190 cticne
410 3121 565 3190 secunda.
580 3121 636 3205 Hij
655 3129 730 3190 sunt
746 3121 854 3208 rogati
870 3128 982 3202 testes,
1000 3123 1143 3190 scilicet:
1164 3118 1316 3205 Dompno
1332 3117 1414 3184 Lau·
1538 3111 1540 3116 ’

288 3229 392 3298 rentio
417 3229 576 3327 Magistro
601 3230 785 3316 Hospitalis
811 3231 924 3299 Sancti
943 3228 1043 3315 Regis
1059 3227 1216 3314 Stephani
1232 3224 1412 3312 supradicti

286 3345 325 3406 tt.
340 3359 384 3407 ss.
414 3339 527 3413 Auen
543 3337 687 3407 Custode
701 3346 737 3407 tt.
754 3358 798 3406 ss.
830 3337 990 3407 stntino
1006 3343 1045 3404 tt.
1060 3355 1105 3404 ss.
1137 3333 1300 3438 Michaele
1315 3339 1352 3399 tt.
1368 3349 1412 3400 ss.

289 3452 323 3514 et
336 3447 487 3516 Johanne
512 3439 737 3516 sacerdotibns
762 3447 904 3533 predicti
927 3444 1112 3531 Hospitalis
1127 3448 1163 3511 tt.
1181 3462 1225 3511 ss.
1258 3441 1414 3528 llngistro

288 3555 387 3624 Petro
402 3555 534 3642 Vngarc
551 3560 584 3622 et
598 3555 743 3642 pluribus
759 3563 797 3622 tt.
813 3573 858 3623 ss.
1093 3631 1095 3634 ,

274 3672 281 3688 ·
396 3663 438 3729 Et
454 3663 525 3749 Ego
541 3661 792 3732 Bartholomens
808 3664 930 3732 Sancte
945 3661 1094 3729 Romane
1109 3659 1261 3729 Ecclesie
1280 3655 1415 3724 scrinis·

287 3770 355 3838 rius
371 3770 433 3838 hoc
449 3771 602 3858 scriptum
617 3771 660 3838 de
673 3773 815 3859 speciali
828 3773 986 3840 mandato
1002 3768 1139 3858 predicti
1148 3767 1296 3852 magistri
1305 3765 1412 3853 sgtdij

289 3885 322 3946 et
337 3879 505 3963 utriusque
520 3876 626 3966 partis
642 3897 782 3950 assensu
797 3879 915 3966 scripsi
940 3886 973 3948 ct
998 3877 1159 3966 complsni
1174 3882 1309 3963 rogatus
1324 3881 1358 3943 et
1372 3875 1414 3942 si·

291 4007 392 4074 gnum
407 3987 482 4057 leci.

444 4164 590 4238 (Eredetie
602 4181 620 4223 s
644 4162 859 4224 ssent-mtrtoni
871 4161 1024 4238 idapdtadg
1035 4159 1257 4230 levelttrtban.)

728 4427 972 4446 *Ἀ-Ὗ--ἿΗ
