3198 5058
311 1021 369 1085 IX.
387 1017 520 1106 Gerpoly
538 1023 630 1108 pcipe
654 1017 825 1102 nemost,
850 1017 1028 1083 szlavoniat‘
1042 1015 1195 1106 leeroeepot
1210 1023 1289 1102 inti,
1315 1022 1399 1108 dopy
1415 1045 1438 1087 o

303 1127 536 1213 permutatur·
561 1129 727 1214 opdtsdpot
752 1127 893 1212 eomopyi
917 1123 1074 1190 tizeddden
1089 1147 1126 1190 oo
1142 1127 1309 1194 morton
1335 1129 1435 1195 1234.

417 1303 594 1390 Gregorius
618 1303 802 1391 Episcopus
827 1321 942 1370 seruus
969 1319 1137 1371 seruorum
1153 1303 1217 1373 Dei
1232 1304 1353 1374 diieoto
1368 1305 1437 1375 iilio

309 1413 412 1480 nobili
436 1412 506 1482 uiro
531 1413 729 1480 Oolomeuno
753 1411 839 1478 Duoi
864 1411 1042 1478 Seleuouie
1068 1413 1209 1480 sulutem
1224 1415 1436 1501 etnpostoii-

277 1589 280 1594 ,
309 1538 382 1587 oum
396 1521 667 1589 benediotiouem.
688 1519 956 1606 Siguifiosutibus
971 1518 1103 1587 dileetio
1116 1517 1194 1590 filiis
1212 1569 1220 1588 .
1238 1570 1246 1586 .
1264 1571 1272 1587 .
1305 1523 1439 1590 nobee

310 1634 343 1694 et
358 1627 527 1696 Gouuentu
542 1627 734 1713 Monostorij
752 1623 871 1696 Seueti'
882 1627 1014 1694 Martini
1030 1625 1071 1693 do
1086 1629 1260 1696 Peuuonin
1274 1629 1437 1698 intellexi·

309 1755 382 1803 mus
398 1744 432 1802 et
446 1737 600 1804 miramur
609 1785 618 1820 ,
638 1737 727 1820 quod
743 1755 811 1802 oum
827 1741 861 1804 to
877 1736 996 1805 deeeot
1010 1734 1096 1804 siout
1108 1737 1215 1802 uirum
1233 1738 1436 1807 Osthoiioum

309 1851 342 1913 ot
357 1845 509 1911 deuotum
525 1845 599 1911 loeo
614 1843 771 1930 religioso
786 1841 923 1929 diligere
939 1851 973 1911 et
988 1845 1022 1910 iu
1038 1844 1242 1926 suoiustieis
1253 1845 1437 1934 eoniouero,

308 1959 342 2020 tu
357 1951 518 2039 quosdam
535 1952 681 2020 deoimos
705 1951 739 2019 in
764 1950 926 2020 Gemitetu
951 1950 1143 2038 simigiensi
1167 1954 1371 2038 pertinentes
1393 1954 1437 2022 sd

308 2059 397 2146 ipsos
422 2060 473 2127 eis
494 2063 600 2129 minus
625 2063 710 2128 iuste
736 2060 922 2128 subtractos
950 2060 1016 2126 tuis
1046 2059 1162 2128 usibus
1194 2061 1370 2147 epplioesti
1401 2062 1434 2129 in

309 2187 440 2236 enorme
455 2169 558 2254 ipsius
574 2167 766 2234 Monesterii
781 2166 1018 2234 detrimentum.
1049 2165 1135 2244 Quis
1150 2186 1229 2234 uero
1248 2167 1282 2234 id
1298 2168 1332 2236 iu
1348 2167 1438 2238 inme

309 2297 350 2342 uo
367 2275 483 2342 salutis
498 2283 552 2341 tue
567 2277 712 2342 uosoitur
727 2273 931 2361 dispendium
948 2274 1155 2360 redundare,
1183 2293 1244 2344 uos
1268 2275 1437 2346 retrahere

310 2391 343 2448 te
366 2403 388 2450 e
412 2382 544 2468 noxiis·,‘
564 2389 597 2449 et
621 2381 665 2450 ed
689 2383 850 2451 saluteris
876 2383 1017 2470 dirigere
1034 2384 1214 2470 cupientes,
1229 2382 1437 2450 nobilitatem

308 2499 397 2558 tuem
413 2506 581 2560 monemus
594 2511 653 2580 per
667 2493 860 2578 Apostoiioe
875 2492 935 2558 tibi
951 2491 1074 2578 seriptn
1090 2490 1305 2575 mandentes,
1331 2491 1436 2577 queti-

182 2606 184 2611 '
308 2620 368 2668 uus
393 2599 540 2668 donimus
563 2600 654 2687 ipsos
679 2621 738 2687 pro
764 2601 876 2669 diuino
901 2601 1090 2668 reuerentia
1110 2606 1230 2684 tueque
1247 2599 1364 2667 salutis
1380 2601 1436 2667 ob·

307 2715 400 2777 teutu
414 2709 612 2777 Mouesterio
628 2712 782 2778 restitues
809 2715 1008 2788 memorato,
1034 2715 1067 2774 et
1091 2707 1183 2775 alies
1200 2707 1284 2776 iilud
1310 2708 1438 2778 hebens

307 2813 501 2907 propensius
527 2819 807 2904 commendatum,
840 2819 888 2885 ite
914 2817 1001 2902 quod
1024 2817 1200 2884 Dominum
1224 2817 1284 2884 tibi
1315 2816 1437 2886 reddes

307 2925 385 2994 inde
400 2929 576 3014 pisostum,
595 2933 628 2995 et
644 2933 700 2994 tus
716 2926 920 3014 prouidentia
936 2925 1059 2993 debent
1075 2923 1304 2992 oommeudeui.
1315 2925 1437 2993 Datum

308 3037 434 3106 Perusii
450 3035 501 3102 1X
515 3036 639 3122 Mertij.
657 3035 869 3103 Pontifiootus
885 3033 990 3101 nostri
1006 3053 1092 3101 euno
1109 3039 1240 3102 ooteuo.

451 3213 598 3288 (Eredetie
614 3230 635 3287 μ
653 3209 871 3269 sueutmdutoni
889 3209 1043 3286 fosptnng
1060 3208 1281 3283 leudltdrdbsu.)

752 3469 999 3484 m
