3214 5072
194 1111 335 1176 Kctmoo
367 1107 474 1195 kucly
506 1107 649 1174 Micttctt
682 1092 832 1174 catenae·
863 1107 990 1194 doppivel
1022 1111 1209 1198 azboetscpro
1243 1107 1303 1198 lep.

703 1217 796 1281 1101.

195 1395 433 1464 Convenientia
449 1393 614 1461 amicitiae
631 1393 818 1477 quaefacta
835 1399 885 1461 est
910 1395 994 1461 inter
1018 1397 1141 1482 Regem
1167 1395 1311 1480 Vngaro-

514 1521 585 1569 rum
602 1509 634 1569 et
650 1501 775 1570 Ducem
792 1503 996 1596 Venetorum.
1334 1485 1339 1492 ¹

303 1613 372 1698 Ego
388 1614 585 1680 Golomcnus
603 1609 807 1694 Ungororum
823 1613 893 1678 Rex
909 1631 968 1696 per
988 1613 1171 1700 metipsum,
1197 1619 1230 1679 et
1254 1632 1313 1698 per

196 1739 287 1788 meos
306 1739 418 1787 omnes
435 1726 541 1786 tecum
572 1717 673 1784 Vitali
696 1719 856 1785 Michaeie
880 1721 1048 1804 Venetiae,
1063 1717 1253 1786 Dalmatiae
1280 1727 1313 1786 et

196 1829 349 1896 &ostiae
365 1829 468 1911 Duce,
485 1835 518 1897 et
533 1825 658 1894 cunctis
675 1825 823 1894 omnibus
846 1827 1039 1893 Proceribns
1055 1825 1095 1894 dc
1112 1828 1229 1894 Vestro
1247 1827 1311 1893 Dn-

195 1943 270 2004 catu
285 1957 397 2002 veram
414 1940 447 2002 et
460 1934 584 2002 firmam
606 1933 795 2012 amicitiam,
823 1941 922 2020 atque
947 1934 1155 2001 concordiam
1176 1934 1221 2000 ab
1250 1935 1313 2000 boc

200 2043 254 2111 die
270 2043 304 2110 iu
321 2051 420 2111 antea
437 2043 600 2126 obtinebo,
618 2049 650 2108 et
664 2049 696 2108 te
707 2061 745 2108 ac
762 2049 844 2125 tuos,
864 2050 896 2108 et
912 2047 1045 2110 cunctas
1069 2041 1221 2109 civitates
1238 2043 1313 2110 sub·
1384 2129 1387 2136 1

195 2157 301 2222 iactas
328 2153 469 2218 Ducatui
494 2155 561 2234 tuo,
577 2157 609 2217 ct
629 2148 739 2216 omnia
764 2150 901 2216 castella
931 2155 964 2217 et
987 2149 1059 2215 loce
1083 2147 1212 2218 subdita
1238 2149 1312 2218 oba-

199 2261 324 2330 dientic
339 2258 494 2345 potestati
510 2265 595 2342 tuae,
607 2277 665 2345 per
675 2253 727 2325 me
738 2262 844 2344 etper
856 2275 948 2323 meos
959 2257 1160 2324 conservabo
1178 2263 1210 2324 et
1224 2257 1314 2326 nullo

203 2369 299 2437 modo
323 2369 522 2454 inquietabo.
546 2365 611 2437 Sed
627 2371 736 2432 tamen
761 2367 839 2450 qnia
855 2365 888 2431 in
904 2363 1105 2450 principibus
1122 2363 1203 2433 meis
1219 2373 1253 2434 et
1267 2385 1317 2434 se-

198 2479 345 2548 nioribus
362 2477 497 2543 dubium
511 2475 637 2544 ridetur
654 2481 759 2540 utrum
775 2479 808 2539 tc
822 2475 949 2542 Ducem
966 2473 1118 2542 croatiae
1134 2481 1168 2541 et
1182 2475 1315 2543 Dalma-

198 2588 266 2654 tiae
288 2583 541 2670 nominaverim,
565 2585 640 2650 volo
657 2581 721 2650 imo
752 2581 902 2650 desidero
932 2602 991 2668 pro
1023 2580 1197 2668 servanda,
1229 2577 1312 2652 s'icot
1408 2597 1411 2606 ’

200 2699 358 2762 statutum
375 2697 435 2776 est,
461 2689 616 2772 amicitia,
631 2695 668 2755 ut
691 2707 712 2753 a
735 2695 768 2756 te
792 2695 824 2755 et
848 2689 922 2770 tuis,
950 2693 983 2756 et
1006 2707 1027 2754 a
1053 2707 1105 2754 me
1121 2695 1154 2755 ct
1168 2691 1250 2760 meis
1266 2694 1314 2758 ita

202 2801 401 2888 omncprius
417 2799 580 2868 demedio
606 2799 770 2866 anferatur
785 2798 981 2886 ambiguum,
1007 2803 1042 2865 ut
1068 2798 1102 2865 in
1127 2816 1315 2882 quocunque

197 2931 276 2979 casu
291 2909 352 2977 tibi
367 2930 426 2997 per
442 2915 665 2977 antecessores
680 2911 753 2973 tuos
770 2907 899 2973 etmihi
934 2925 994 2993 per
1018 2923 1109 2973 meos
1126 2911 1216 2972 certa
1232 2924 1315 2972 com·

200 3022 351 3108 probatio
363 3019 494 3106 justitia
509 3015 702 3086 ineritalter
717 3016 811 3083 alteri
826 3017 1012 3084 nullatenus
1028 3009 1250 3084 adversatum.

203 3216 307 3290 (Mario
325 3215 415 3272 Antei
432 3213 511 3280 utto,
531 3211 625 3271 Storia
652 3211 736 3270 civile
755 3229 771 3267 e
789 3211 908 3284 politica
926 3211 973 3266 dol
991 3189 1158 3267 commercio
1176 3208 1205 3264 di
1223 3207 1315 3266 Vena

391 3305 476 3376 niani,
495 3304 638 3364 Volerone
667 3303 746 3358 1800.
767 3302 816 3361 ΙΠ.
835 3303 895 3360 kbt.
914 3302 956 3360 ab.
976 3299 996 3356 1.
1018 3301 1125 3369 cuci).

628 3599 873 3612 m·-

736 3845 786 3912 13.

206 4033 346 4100 sarman
368 4027 475 4116 scrop
505 3984 674 4094 narasse
704 4024 805 4111 focan
828 4025 859 4088 o
880 4019 1100 4106 amaseae
1131 4017 1314 4104 aspersu.

707 4134 804 4198 1102.

310 4316 507 4385 Golomanus
531 4315 601 4382 Rex
617 4313 752 4382 veniens
766 4309 902 4378 Jadram
918 4319 994 4374 ante
1012 4303 1185 4374 Civitatem
1200 4321 1317 4370 convo

206 4425 294 4494 cavit
309 4425 440 4512 onnam,
451 4411 561 4510 ibique
577 4425 618 4492 de
633 4419 821 4490 Dalmatiae
836 4419 989 4488 libertate
1004 4415 1134 4498 integra
1148 4417 1318 4498 perpetua-

207 4555 268 4620 que
285 4533 449 4603 scrvanda
464 4531 674 4612 communiter
689 4534 868 4596 tractantes
884 4527 955 4612 ipsc
970 4523 1042 4590 Rex
1059 4518 1203 4608 inprimis
1218 4523 1320 4603 s'upra
1380 4551 1381 4554 ι

207 4647 322 4710 sancta
338 4649 476 4726 quatuor
491 4641 554 4708 Dei
569 4639 753 4724 Evangelia
767 4641 861 4724 patre
876 4652 927 4700 mc
944 4631 978 4698 G.
994 4629 1158 4717 Episcopo
1174 4625 1319 4694 enitente
1427 4660 1431 4668 ι

207 4771 305 4820 manu
321 4749 525 4836 confirmavit
540 4748 686 4840 propria.
703 4742 873 4832 Videlicet,
899 4747 934 4808 ut
950 4738 1120 4830 antiquam
1134 4731 1320 4804 Dalmatiae
