3222 5054
748 275 903 375 Q

786 759 863 826 189.

257 937 368 1002 Jaitud
378 937 554 1024 preacsztci
567 939 691 1026 pttepdic
707 941 738 1003 eo
746 941 853 1026 pdpoi
867 939 1097 1006 macometica
1112 951 1190 1006 aceti
1206 941 1297 1028 iosap
1312 963 1383 1028 cpy-

411 1044 484 1137 itqiaa'
500 1045 650 1112 bdatctesa
666 1047 800 1133 ttpydbca
815 1047 1002 1114 iatdzlcoda'lc.
1027 1047 1231 1114 messuisti.

358 1224 557 1297 ,Venerabili
572 1221 606 1290 in
621 1221 750 1291 Christo
765 1225 852 1310 patri
863 1273 870 1287 .
883 1271 910 1290 ..
925 1226 988 1292 Dei
1005 1227 1120 1312 gracia
1135 1225 1296 1295 Nitriensi
1308 1228 1383 1314 Epi-

262 1353 373 1421 scopo,
384 1339 417 1399 et
427 1333 544 1400 dilecto
556 1333 589 1398 in
598 1331 729 1398 Christo
740 1381 748 1397 .
760 1380 767 1396 .
779 1381 786 1397 .
799 1332 1037 1402 Archidiacono
1047 1336 1195 1404 eiusdem
1204 1337 1280 1421 loci,
1288 1333 1384 1402 Jaco-

260 1441 321 1510 bus
337 1441 459 1506 Diuina
474 1439 689 1506 miseracione
705 1441 916 1509 Prenestinns
932 1443 1067 1510 Electus
1082 1443 1271 1530 Apostolice
1288 1441 1385 1512 Sedis

260 1549 406 1630 Legatos
417 1548 554 1612 salutent
565 1547 597 1612 in
611 1547 759 1615 Domino.
777 1546 854 1614 (ium
866 1549 1248 1620 oiimdilectiinChristo
1259 1547 1387 1638 veras)

260 1653 372 1722 nubas
390 1661 423 1721 et
439 1653 624 1722 Oonuentus
639 1655 752 1722 Sancti
768 1655 900 1721 Martini
916 1657 957 1723 de
973 1657 1075 1726 Sacro
1091 1660 1202 1726 Monte
1218 1657 1386 1725 Pannonio

262 1785 360 1850 snper
370 1763 519 1831 Ecclesia
529 1763 642 1830 Sancti
653 1762 803 1850 Spiritus,
817 1763 1010 1848 quibusdam
1021 1767 1160 1853 palaciis
1178 1767 1297 1834 etaliis
1314 1785 1386 1851 per-

262 1872 415 1940 tinenciis
432 1872 477 1939 ad
493 1871 641 1950 eandem,
657 1891 766 1939 ceram
782 1871 921 1938 diuersis
936 1872 1098 1942 iudicibus
1113 1895 1135 1941 a
1150 1871 1237 1943 Sede
1248 1875 1386 1959 Aposto-

264 1983 328 2049 lica
343 1980 516 2066 delegatis,
532 1979 665 2046 tandem
682 2000 792 2048 eoram
805 1980 900 2048 nobis
917 1989 1032 2050 contm
1047 1983 1188 2050 nobilem
1205 1984 1308 2050 uirum
1322 1981 1387 2052 ltu·

205 2123 207 2126 ·
263 2089 395 2155 bianum
412 2088 547 2154 militem
562 2085 798 2172 Strigoniensis
814 2084 965 2154 Dioeesis
990 2088 1152 2156 mouerint
1176 2087 1387 2172 questionem,

264 2203 298 2262 et
313 2193 398 2261 idem
414 2201 548 2280 propter
564 2193 777 2278 multiplicem
802 2193 874 2262 eius
898 2195 1136 2282 contumaciam
1153 2195 1198 2264 ab
1214 2195 1339 2263 eisdem
1355 2201 1388 2262 et

264 2325 286 2370 a
309 2303 404 2370 nobis
435 2301 533 2368 fuerit
557 2299 903 2370 excommunicacionis
927 2303 1056 2370 uinculo
1072 2301 1246 2372 innodatus
1262 2323 1320 2387 pro
1337 2321 1387 2386 eo,

263 2408 349 2495 quod
359 2407 561 2475 dictiAbbes
578 2414 611 2474 et
626 2408 812 2476 Oonnentus
826 2408 920 2476 missi
930 2410 964 2476 in
973 2411 1161 2496 porcionem
1176 2407 1305 2476 iusticia
1321 2410 1389 2477 exi·

263 2523 382 2604 gente,
401 2535 472 2582 non
496 2521 651 2602 poterant
669 2535 742 2583 eam
758 2517 905 2585 nancisci
922 2523 1056 2605 propter
1071 2517 1257 2604 potenciam
1272 2517 1388 2584 aduer-

264 2627 345 2694 sarii
368 2624 547 2691 memorati.
581 2623 788 2694 Postmodum
812 2626 886 2712 ipse
910 2627 1079 2694 Fabianus
1096 2643 1248 2694 reuersus
1263 2627 1307 2693 ad
1324 2645 1389 2708 eor,

265 2737 380 2802 nolens
396 2752 514 2820 parere
530 2733 694 2801 mandatis
706 2735 854 2802 Eeolesie
862 2787 872 2822 ,
899 2757 920 2803 a
940 2733 1035 2804 nobis
1052 2733 1243 2804 beneficium
1259 2735 1389 2804 absolu-

266 2841 370 2910 cionis
385 2840 548 2908 humiliter
563 2843 752 2930 postulauit,
773 2862 869 2927 quem
884 2862 944 2910 nos
961 2843 1242 2911 absoluifecimns
1258 2850 1390 2930 recepte

267 2949 310 3018 eb
326 2972 365 3020 eo
381 2951 472 3039 prius
490 2949 703 3036 corporaliter
718 2952 913 3038 iuramento,
929 2951 1017 3036 quod
1032 2950 1187 3020 uidelicet
1202 2951 1390 3038 porcionem

267 3059 485 3148 predictarum
498 3079 607 3128 rerum
625 3051 890 3145 procuratoribus
906 3059 1046 3128 Abbatis
1063 3065 1096 3128 et
1105 3060 1290 3128 (innuentes
1306 3057 1390 3126 inie-

266 3169 334 3236 rins
351 3168 534 3256 designatis
550 3169 737 3238 restitueret
760 3167 884 3253 absque
910 3189 1021 3250 mora,
1046 3169 1169 3236 nnllam
1194 3167 1392 3236 uioleneiam

266 3277 308 3346 de
322 3285 442 3346 'cetero
468 3279 521 3346 nel
545 3295 724 3363 grauamen
750 3297 849 3362 super
874 3275 970 3345 dietis
994 3277 1201 3363 porcionibus
1219 3276 1343 3343 Abbati
1358 3283 1393 3342 et

267 3385 440 3455 conuentui
464 3385 653 3470 inferendo,
679 3393 848 3453 reseruata
872 3385 936 3452 sibi
968 3383 1180 3472 proprietatis
1212 3385 1393 3468 questione,

268 3501 364 3582 prout
378 3486 594 3579 postulauerit
609 3493 688 3560 ordo
705 3493 794 3561 iuris.
826 3493 862 3559 Si
876 3512 955 3561 uero
971 3499 1097 3560 mutata
1114 3491 1281 3558 notenses
1296 3509 1392 3576 sepc-

268 3601 373 3670 dictos
389 3600 551 3668 Abbatem
567 3607 600 3668 et
616 3602 819 3669 (innuentem
835 3619 932 3686 super
948 3601 1119 3688 premissis
1134 3607 1395 3689 presumpmeret

268 3711 478 3798 aliquatenus
493 3711 689 3794 molestare,
715 3711 819 3792 noluit
835 3720 868 3780 et
885 3716 1002 3796 sponte
1016 3711 1117 3797 peciit
1132 3730 1153 3777 a
1168 3707 1281 3786 nobis,
1306 3709 1393 3793 quod

268 3823 302 3889 iu
317 3819 423 3907 ipsum
440 3838 568 3886 exnunc
585 3819 933 3887 excommunicacionis
949 3819 1149 3888 sentenciam
1164 3817 1393 3903 proferremus,

268 3949 365 4014 quam
381 3947 441 3997 nos
457 3924 591 3994 ferimus
608 3927 642 3993 in
656 3926 824 4012 presenti,
843 3927 878 3994 in
894 3947 991 4012 quam
1007 3929 1037 3992 si
1053 3926 1253 4004 conparium
1269 3925 1393 4009 feeerit,

266 4037 392 4104 incidat
415 4037 487 4121 ipso
513 4033 614 4105 facto.
639 4032 732 4102 Vnde
758 4031 954 4104 discrecioni
979 4039 1090 4102 uestro
1106 4031 1240 4102 firmiter
1256 4032 1394 4118 precipi-

265 4144 348 4211 endo
364 4143 577 4232 mandamus;
594 4150 756 4229 quatenus
772 4145 801 4212 si
817 4143 902 4212 idem
918 4141 1272 4230 Fabianuspremissa,
1288 4147 1394 4226 etque

266 4252 300 4316 in
315 4251 382 4320 suis
399 4253 517 4321 litteris
535 4255 750 4340 continentur,
767 4272 902 4337 quarum
918 4259 1065 4320 tenorem
1080 4250 1287 4337 presentibus
1305 4249 1390 4318 litte·

266 4359 312 4425 ris
329 4355 429 4425 inseri
451 4356 587 4428 fecimus
602 4360 643 4428 de
660 4361 759 4427 uerbo
776 4360 820 4426 ad
834 4359 990 4445 uerbum,
1017 4379 1083 4427 non
1109 4357 1335 4427 obseruauerit
1359 4365 1395 4425 ut

269 4459 435 4547 promisit,
461 4468 654 4534 auctoritate
671 4475 784 4537 nestra
800 4467 1001 4552 sepedictum
1016 4466 1199 4534 Fabianum
1217 4463 1392 4534 denuncie-

271 4571 314 4637 tis
339 4571 686 4640 excommunicacionis
710 4575 840 4644 uinouio
866 4573 1074 4661 innodatum,
1101 4573 1273 4646 credentes
1298 4593 1397 4662 snper
