3214 5066
769 315 916 418 „..1„⁷.⁰-.

291 525 411 604 cerunt,
427 517 513 604 quod
528 525 646 586 terram
662 515 795 584 duorum
810 521 1006 604 aratrorum,
1029 533 1125 602 quam
1140 517 1278 604 lpolitus
1294 525 1404 588 contu·

289 629 383 711 leret,
399 631 668 718 preterquartam
684 623 867 712 partemde
883 631 953 694 tota
969 631 1056 692 terra
1071 623 1280 694 eorumidem
1289 627 1405 694 Abbcs
1539 645 1541 648 ·

289 754 360 803 cnm
374 736 524 821 Capitulo
541 753 599 802 suo
614 739 771 822 perpetuo
786 732 969 820 possideret
983 741 1016 800 ct
1026 731 1176 820 pacifice.
1200 730 1270 810 Quo
1285 741 1405 819 quarta

289 863 367 932 pars
390 845 424 910 in
449 845 542 912 terris
570 842 747 912 arabilibus
771 841 815 908 ad
839 849 913 910 octo
937 851 1049 911 aratra
1065 844 1216 910 estimato
1231 850 1281 912 est
1297 849 1406 930 preter

289 955 403 1040 syluas
428 961 461 1019 et
484 972 682 1019 nemoraex
707 959 842 1035 utraque
867 959 959 1037 parte
984 952 1173 1020 adiacencia
1186 951 1406 1020 mediantibus

290 1063 413 1130 duobus
428 1062 605 1148 prestaldis
618 1055 782 1130 Pbumano
798 1061 952 1130 videlicet
966 1063 1007 1130 de
1023 1063 1221 1148 gencreZah
1236 1059 1404 1147 prestaldo

289 1170 389 1258 Regis
416 1177 449 1236 et
463 1170 595 1239 Andron
610 1169 777 1256 prestaldo
792 1179 912 1238 nostro.
945 1169 986 1236 Vt
1001 1178 1111 1238 autem
1127 1171 1220 1238 buius
1236 1170 1302 1236 litis
1318 1168 1405 1235 deci·

289 1275 339 1346 aio
348 1296 464 1345 coram
480 1278 574 1346 nobis
589 1284 665 1346 acta
680 1279 769 1345 nullo
784 1299 926 1363 unquam
942 1285 1087 1365 tempore
1102 1301 1124 1346 a
1139 1279 1333 1365 supradictis
1348 1297 1404 1363 po·

290 1386 376 1472 pulis
391 1389 445 1454 vel
460 1406 573 1454 corum
587 1377 827 1456 successbribus
840 1389 956 1456 ualeat
965 1388 1136 1454 ratractari
1142 1392 1330 1473 presentem
1345 1406 1403 1472 pa-

290 1495 400 1580 ginam
424 1493 562 1581 duplicia
587 1495 688 1580 sigilli
712 1497 816 1565 nostri
846 1496 1020 1562 munimine
1052 1497 1187 1563 fecimus
1212 1494 1403 1564 confirmari.

291 1603 385 1670 Auno
402 1603 493 1671 verbi
508 1605 668 1672 incarnati
683 1603 886 1672 M⁰GO⁰XX⁰.

450 1779 510 1852 (iv.
526 1739 597 1836 esra
609 1779 704 1854 kirtly
718 1780 829 1838 rear-rr
842 1781 1014 1851 mogorcsitc
1026 1778 1236 1853 okmtnylbol.)

726 2057 963 2072 *ιι-Ἤ

308 2225 331 2277 0

814 2323 870 2388 95.

291 2500 321 2568 Α
337 2505 427 2591 pyb'ri
450 2502 605 2588 kdptolaa
631 2501 828 2590 biaoaysdpot
843 2503 887 2568 dd
902 2526 923 2568 o
932 2503 1162 2589 paocoaltalmi
1176 2505 1409 2571 cacat-ordmeri

372 2613 506 2697 apdtady
521 2614 553 2674 ds
569 2633 588 2672 a
604 2633 704 2675 nemea
722 2611 869 2676 ledaiek
883 2611 968 2677 abaci
981 2610 1225 2706 luitpoldo-cl.
1242 2602 1338 2678 1220.

399 2789 581 2875 Capitulum
597 2785 746 2858 Ecclesia
762 2789 949 2858 Geuriensis
965 2791 1143 2878 uniuersis,
1170 2790 1213 2858 ad
1238 2811 1318 2876 quos
1333 2809 1405 2877 pre·
1516 2789 1519 2794 ’

293 2915 369 2964 sens
384 2899 538 2982 scripturn
553 2898 738 2984 peruenerit
751 2900 889 2966 salutem
905 2901 938 2966 in
949 2919 998 2984 eo,
1009 2899 1065 2983 qui
1080 2907 1130 2966 est
1146 2901 1236 2968 salus
1252 2899 1403 2968 omnium.

292 3005 419 3072 Noticie
443 3006 584 3073 omnium
609 3009 755 3073 uolumus
782 3005 978 3084 clarescere,
995 3008 1081 3091 quod
1097 3009 1278 3076 constitutis
1294 3029 1405 3077 coram

165 3149 167 3154 ·
293 3113 387 3179 nobis
403 3109 485 3181 Oreu
500 3113 627 3182 Abbate
642 3113 737 3181 Beati
752 3113 881 3182 Martini
906 3117 946 3184 da
972 3116 1141 3184 Pannonia
1166 3117 1209 3182 ab
1235 3135 1319 3199 una,
1344 3135 1404 3184 nac

292 3243 356 3288 uon
371 3222 538 3288 Dominioo
555 3229 588 3288 et
604 3221 770 3307 Stephano
786 3223 827 3288 dc
843 3221 956 3291 Tlltdsi
972 3230 1065 3308 parte
1084 3243 1124 3290 en
1140 3227 1254 3308 altera,
1274 3243 1405 3309 presan·

292 3331 378 3398 tibus
393 3339 427 3398 ct
442 3351 506 3397 non
523 3331 816 3399 contradicentibus
833 3333 983 3418 cognatis
999 3339 1031 3398 et
1047 3332 1278 3400 commetaneis
1296 3351 1405 3399 eorum

292 3438 384 3506 Akur
399 3438 464 3506 lilio
479 3439 622 3508 eiusdem
648 3447 680 3507 et
704 3441 846 3526 Georgic
871 3441 937 3507 lilio
957 3439 1088 3506 Martini
1103 3443 1144 3508 de
1160 3441 1295 3509 Merena
1311 3441 1407 3508 aliter

292 3549 404 3632 Meger
413 3597 424 3632 ,
439 3553 672 3633 proposuerunt
686 3555 890 3634 asserentes,
907 3549 992 3634 quod
1008 3568 1079 3614 cum
1094 3549 1208 3632 Abbas
1225 3567 1333 3616 coram
1349 3549 1406 3615 Ni-

294 3659 409 3725 choloc
425 3658 575 3724 Palatino
601 3677 622 3722 a
648 3656 775 3744 domino
792 3659 881 3743 Rege
898 3657 1002 3724 iudice
1019 3659 1192 3726 constituto
1208 3663 1327 3726 terram
1342 3658 1409 3726 suf·

291 3769 453 3838 ficientem
463 3767 560 3832 cultui
569 3763 636 3832 XX
646 3773 826 3832 aratrorum
842 3785 881 3833 ex
898 3765 1076 3833 donacioue
1089 3765 1181 3832 Catlo
1193 3774 1356 3854 repeteret
1370 3767 1408 3834 il·

293 3878 358 3946 lam
375 3895 447 3944 cum
463 3875 613 3943 Ecclesia
625 3875 817 3962 Feyrcghau
835 3875 989 3942 collatam
1006 3893 1079 3942 esse
1095 3875 1290 3960 asserendo,
1316 3881 1349 3943 et
1374 3877 1408 3942 in

292 3988 376 4056 hunc
391 3986 520 4054 modum
536 3985 591 4052 diu
607 3986 690 4052 buter
705 4005 761 4054 eos
776 3985 816 4053 lis
832 3987 1028 4072 agitaretur3
1046 3985 1178 4052 tandem
1194 4005 1236 4052 ex
1251 3985 1407 4072 benepla-

294 4095 356 4164 cito
367 4116 478 4168 eornm
493 4101 525 4164 et
540 4094 583 4160 ad
598 4113 787 4161 consensum
800 4095 1007 4180 plurimorum
1018 4095 1266 4162 conuenoionem
1279 4092 1312 4158 in
1321 4093 1407 4160 bunc

292 4206 421 4276 modum
435 4205 519 4273 inter
535 4226 570 4273 sc
587 4205 740 4275 lecerunt.
771 4205 821 4272 Ex
836 4213 929 4291 parta
942 4204 1186 4292 ¹septemtrionis
1202 4202 1325 4269 scilicet
1340 4201 1402 4268 lle·

292 4334 370 4381 reue
387 4312 568 4400 incipiendo
585 4336 605 4380 a
621 4315 750 4381 Pounsa
766 4313 889 4382 directe
914 4313 956 4380 ad
983 4307 1175 4396 Sashalom5
1207 4307 1323 4378 exinde
1348 4309 1404 4376 ali-

292 4427 449 4508 quantum
465 4425 508 4490 ad
523 4422 688 4490 meridiem
705 4421 747 4489 ad
763 4423 870 4506 niam,
886 4441 948 4506 que
964 4421 1053 4488 ducit
1067 4419 1111 4489 ad
1126 4418 1284 4487 Perinche
1299 4426 1405 4486 matus

292 4527 448 4615 plurimas
471 4547 530 4611 pro
554 4535 641 4595 terra
665 4529 856 4616 Feyreghau
881 4529 1042 4612 lecerunt;
1067 4527 1215 4594 similiter
1240 4543 1282 4592 ex
1306 4531 1402 4612 parte
1528 4601 1535 4610 ,

294 4631 409 4700 Tbtttsi
433 4650 455 4694 a
472 4635 606 4700 ‚Pounsa
630 4634 672 4702 ad
695 4643 762 4702 tres
787 4641 891 4705 metas
920 4637 1036 4704 exinde
1060 4653 1161 4722 penca
1187 4633 1344 4700 Perincbe
1360 4629 1403 4698 ad
