3198 5058
808 239 874 308 328

762 332 871 342 un...-

278 449 364 516 mine
380 444 541 529 Propositi
566 448 599 508 et
624 439 770 527 Capituli
796 440 971 519 Albensis,
996 435 1082 520 quod
1107 435 1352 525 condempnatis
1372 447 1407 508 et

278 553 482 641 compellatis
498 553 661 619 Abbatem
676 545 822 636 S(ancti)
836 543 999 632 li(artiui)
1016 552 1049 614 et
1059 547 1261 616 conuentum
1276 549 1346 616 eius
1362 547 1407 616 ati

278 663 516 733 restitutionem
540 657 703 742 omnium,
731 676 794 740 que
819 655 924 722 dictus
943 653 1057 722 Abbas
1074 661 1267 724 consecutus
1282 661 1333 724 est
1347 675 1407 743 per

279 769 448 841 arbitrium
468 770 569 834 latum
594 787 616 832 a
639 767 799 851 magistro
816 764 937 850 ligidio
952 763 1077 831 domini
1092 764 1183 849 Pape
1198 761 1406 832 Subducooo

280 888 313 948 et
328 877 521 966 capellano,
547 894 609 957 que
634 881 708 940 sunt
733 872 812 958 hec,
841 871 996 940 uidelicet
1011 877 1140 939 centum
1164 877 1198 938 et
1222 869 1408 955 quindecim

279 1005 406 1070 marce,
423 991 457 1050 et
473 984 516 1050 ad
532 983 768 1050 restitutionem
785 977 951 1066 priuilegii
967 977 1090 1046 domini
1105 977 1223 1064 Regis,
1251 981 1338 1062 quod
1352 979 1408 1048 Al·

279 1096 399 1164 beuses
416 1089 488 1170 dari
505 1088 653 1156 fecerunt
668 1107 767 1174 super
780 1088 907 1156 salibus
923 1087 1090 1172 regalibus
1106 1088 1139 1154 iu
1150 1084 1302 1174 Poenulo,
1319 1087 1405 1171 quod

279 1205 327 1270 ita
352 1200 430 1282 lnit3
457 1204 491 1264 et
506 1198 642 1273 salium,
668 1216 750 1280 quos
769 1197 834 1283 ipsi
848 1196 1012 1263 Albenses
1027 1183 1197 1280 percipere
1213 1195 1409 1282 potuissent,

280 1307 366 1392 quod
383 1309 543 1374 extimant
558 1305 719 1372 ducentas
739 1323 887 1388 marcas,
913 1325 988 1372 cum
1013 1301 1120 1370 dictus
1145 1303 1259 1370 Abbns
1282 1301 1409 1390 pridem

281 1416 452 1485 arbitrium
478 1435 499 1481 a
525 1413 674 1498 partibus
694 1413 916 1497 omologatum
931 1419 965 1480 et
980 1413 1163 1478 iuramento
1178 1409 1340 1480 firmatum
1354 1430 1408 1499 pe-

281 1523 369 1594 tierit
385 1523 516 1590 irritari.
540 1524 620 1588 Item
637 1523 720 1608 petit
736 1522 826 1589 mille
842 1529 878 1588 et
892 1521 1089 1606 quingentas
1105 1539 1247 1606 marcas,
1265 1538 1347 1604 quas
1362 1519 1409 1588 di-

194 1714 199 1720 ,
281 1639 353 1699 ctus
379 1628 493 1698 Abbas
519 1629 623 1698 dictos
648 1630 855 1716 Propositum
871 1636 905 1696 ct
920 1628 1109 1716 Capitulum
1124 1627 1159 1694 in
1173 1629 1284 1696 multis
1299 1627 1410 1699 causis

282 1749 317 1806 et
332 1739 622 1825 compositionibus
648 1747 763 1806 contra
787 1735 949 1806 iustitiam
974 1737 1084 1822 coegit
1108 1733 1295 1820 expendere
1312 1755 1411 1823 super

282 1847 437 1933 decimis,
461 1865 544 1932 quas
559 1867 581 1912 a
596 1846 762 1914 canonicis
777 1852 812 1911 et
826 1845 957 1932 populis
973 1844 1129 1912 Aliensis
1144 1843 1295 1912 bicclesie
1315 1843 1412 1931 petiit

282 1958 317 2024 iu
332 1958 495 2026 comitatu
510 1955 720 2044 symigiensi.
747 1953 831 2020 Item
847 1953 931 2040 petit
945 1972 1065 2039 penam
1081 1955 1210 2020 centum
1225 1972 1411 2022 marcarum

283 2085 342 2151 pro
358 2085 409 2149 eo,
426 2062 513 2148 quod
528 2066 743 2132 instrumenta
758 2059 887 2138 omnial
903 2063 1079 2130 secundum
1096 2062 1182 2145 quod
1197 2062 1262 2130 sibi
1277 2060 1411 2130 munda

284 2181 352 2242 tum
367 2173 474 2240 fuerat
490 2173 552 2239 sub
568 2169 684 2238 eadem
700 2189 787 2255 pena
803 2191 825 2236 u
840 2173 999 2255 magistro
1014 2169 1153 2254 Epidio,
1179 2168 1302 2238 domini
1320 2169 1412 2257 Papo

285 2281 487 2350 subdiacono
503 2287 537 2348 et
552 2280 745 2364 capellano,
763 2285 796 2345 et
813 2277 985 2345 coarbitris
999 2297 1065 2344 uon
1079 2278 1260 2363 resignauit
1268 2327 1278 2362 ‚
1293 2278 1412 2364 quibus

285 2407 370 2458 nunc
386 2405 466 2454 usus
485 2394 536 2454 est
552 2405 660 2453 coram
677 2387 780 2454 uubis.
791 2388 874 2453 Item
882 2386 974 2472 petit,
985 2384 1072 2469 quod
1088 2385 1275 2472 imponatur
1290 2385 1414 2454 sonari

286 2505 320 2568 et
335 2495 518 2563 Conuentui
534 2494 700 2562 silentium
714 2501 906 2580 perpetuum
921 2513 1019 2580 super
1034 2495 1171 2563 decimis
1184 2494 1414 2564 canonicorum

286 2611 320 2673 et
333 2605 525 2691 populorum
540 2603 695 2670 Albensis
711 2602 861 2670 Ecol'esic
876 2604 910 2670 in
926 2601 1089 2692 Comitatu
1104 2602 1326 2690 symigiensi,
1339 2623 1413 2672 cunr

286 2713 408 2784 nullum
424 2713 475 2778 ius
500 2695 622 2778 habeat
636 2709 670 2776 iu
685 2709 821 2777 eisdem.

393 2820 466 2886 Lite
481 2819 580 2904 igitur
596 2837 694 2902 super
709 2817 867 2902 predictis
883 2817 1094 2904 petitionibus
1106 2825 1303 2905 contestata,
1313 2820 1414 2900 utriu-

287 2949 350 3015 que
365 2929 505 3012 receptis
522 2925 660 2993 testibus
686 2931 719 2992 et
744 2926 1009 2995 attestationibus
1028 2927 1204 3016 publicatis
1220 2927 1302 2996 uisis
1315 2928 1414 3016 priui-

283 3037 383 3124 legiis
399 3041 433 3102 et
447 3033 690 3119 instrumentis,
708 3033 840 3116 sauditis
854 3033 1063 3102 nihilominus
1078 3036 1221 3120 partium
1237 3037 1414 3104 contessio-

286 3147 392 3228 nibus,
406 3141 585 3210 rationibus
602 3149 636 3209 ct
651 3142 908 3226 allegationibus
924 3139 968 3210 ab
982 3149 1121 3228 utraque
1130 3149 1225 3230 parte
1234 3145 1414 3232 propositis

287 3253 415 3340 plenius
431 3250 618 3327 intellectis,
634 3250 713 3334 quia
729 3250 826 3318 uobis
842 3251 989 3318 constitit
1005 3251 1185 3337 euidenter,
1195 3251 1342 3321 decimas
1352 3253 1411 3321 tlo-

287 3361 420 3428 ruitatus
436 3357 675 3445 symigiensi,
701 3357 742 3424 rle
763 3358 882 3441 quibus
897 3377 976 3444 pars
991 3360 1184 3429 Monumuii
1199 3361 1314 3430 Sancti
1329 3361 1415 3429 liar·

288 3470 348 3535 tiui
363 3472 398 3538 in
413 3468 637 3554 suprascripto
653 3465 765 3534 libello
790 3467 995 3536 rationaliter
1010 3467 1105 3552 petiit
1120 3469 1165 3538 ad
1180 3471 1289 3556 ipsum
1303 3469 1415 3542 liona-

287 3578 423 3644 sterium
439 3576 481 3642 de
496 3577 565 3642 iure
590 3579 762 3660 spectare;
788 3579 821 3642 et
845 3575 924 3659 quin
949 3577 1137 3661 accepimus
1152 3598 1195 3647 ex
1210 3577 1416 3648 consessione

289 3684 507 3770 procuratoris
522 3683 677 3752 Aliensis
694 3683 877 3755 Ecclesiam
893 3684 1073 3754 Aliensem
1096 3685 1179 3754 nihil
1204 3667 1296 3756 ruis
1320 3689 1415 3775 spiri·

289 3795 377 3861 tuale
392 3793 534 3876 habere,
560 3791 646 3875 quud
662 3797 775 3878 posset
789 3792 870 3862 dare
886 3794 1086 3862 Monaeterio
1103 3796 1217 3864 Sancti
1232 3797 1366 3865 Martini
1381 3799 1415 3864 in

289 3900 560 3990 permutationem
582 3898 799 3978 decimarum,
828 3915 911 3985 quas
926 3902 969 3970 ab
985 3902 1123 3972 Albensi
1140 3903 1291 3971 Ecclesia
1306 3911 1415 3992 postu·

289 4007 393 4095 labat,
409 4029 470 4098 nec
488 4008 677 4077 vicesimam
695 4007 876 4102 Comitatus
894 4007 1051 4094 eiusdem,
1067 4029 1166 4094 quen
1182 4029 1224 4080 ex
1239 4009 1416 4080 donatione

289 4116 395 4202 Regia
410 4115 453 4183 ad
469 4135 506 4183 se
521 4121 670 4202 spectare
684 4114 837 4182 dicebant
846 4167 855 4202 ,
882 4135 945 4200 que
970 4117 1100 4184 omnino
1116 4125 1189 4186 erat
1204 4118 1415 4205 insufficiens,

290 4223 622 4314 superunctionem
638 4221 837 4290 decimarum
843 4271 854 4306 ,
871 4243 953 4309 quas
970 4245 1048 4313 pars
1063 4225 1256 4298 lllonasterii
1270 4231 1415 4316 pustula

290 4330 363 4412 bst3
381 4334 446 4396 tum
464 4349 505 4404 es
520 4329 714 4398 difficultate
729 4331 820 4412 iuris,
838 4331 1187 4421 quianonpcteranrus
1202 4335 1417 4407 necdebeba·

290 4456 362 4502 mus
378 4440 571 4522 temporalia
587 4459 659 4506 cum
676 4441 901 4525 spiritualibus
917 4451 1116 4530 permutare,
1134 4451 1203 4514 tum
1218 4463 1261 4512 ex
1276 4444 1415 4516 difficul-

293 4549 360 4610 tate
376 4543 465 4628 lacti,
482 4547 558 4626 quia
574 4566 638 4613 non
654 4546 801 4618 habebat
809 4549 963 4622 Albensis
973 4551 1125 4622 Ecclesia
1134 4551 1332 4624 sufficieutia
1345 4555 1412 4641 spi-
