3234 5072
675 425 831 528 „u-

191 626 289 706 nosti,
329 623 475 704 Zamudi‚
513 623 654 708 Trinsiu,
694 620 823 705 Uratus,
862 621 980 690 Vrbaz.
1021 625 1063 694 ut
1091 623 1176 708 quod
1201 625 1306 692 maius

187 733 367 828 prodesset
389 729 432 796 ad
456 731 564 798 anime
595 733 780 817 sanitatem,
812 730 947 799 donauit
970 732 1109 799 Borsodi
1134 733 1324 817 capellam,

191 863 253 926 que
270 845 456 908 constructa
472 845 522 906 est
547 842 579 906 in
606 837 760 908 honorem
788 841 901 907 Sancti
926 839 1084 926 Stephani
1109 839 1209 925 Regis
1234 858 1305 904 cum

190 949 294 1016 tribua
326 947 569 1014 mansionibus:
603 947 684 1027 Cris,
701 945 822 1032 (locha,
839 947 1004 1033 Ecilinus3
1028 967 1125 1014 unum
1149 953 1302 1026 aratrum,

188 1058 256 1124 1111
272 1077 405 1142 uaccas,
422 1057 455 1122 ll
471 1077 582 1142 equos,
599 1057 631 1122 X
647 1075 773 1142 porcos.
787 1040 978 1123 Laurentius
994 1056 1112 1122 (lomes
1127 1054 1304 1122 flliusBcse

188 1163 324 1230 Comitis
339 1184 397 1248 pro
413 1165 463 1230 sni
480 1165 700 1251 redemptione
710 1164 911 1248 lratmmqne
927 1184 1056 1231 suorum
1071 1165 1304 1248 quiescentium

185 1293 207 1338 n
224 1271 361 1340 cenobio
377 1273 490 1338 Sancti
507 1273 646 1340 Martini
662 1271 795 1347 donauit
810 1274 893 1338 duas
909 1291 1029 1340 aureas
1047 1292 1158 1340 cruces
1187 1307 1225 1318 -
1259 1305 1309 1318 ..,

185 1379 347 1446 bissinam
363 1380 544 1458 corthinam
561 1379 668 1446 eidem
683 1379 870 1464 supradicto
896 1381 1102 1448 monasterio.
1125 1382 1163 1446 In
1189 1381 1302 1466 predio

185 1487 272 1570 quod
287 1489 382 1571 uolgo
399 1487 519 1554 dicitur
535 1489 633 1553 Ernel
649 1486 738 1554 dedit
753 1475 803 1554 ΙΙΙ
819 1491 1012 1574 mansiones,
1028 1509 1163 1574 quarum
1178 1487 1303 1557 numeri

184 1597 246 1662 hec
263 1603 357 1662 sunt:
381 1595 487 1661 Wazil
504 1616 576 1661 curn
590 1615 690 1661 uxore
706 1601 740 1662 et
763 1595 830 1662 filio
868 1595 1058 1680 duabusque
1093 1596 1241 1682 filiabus,
1265 1596 1299 1664 in
1423 1665 1431 1684 ,

183 1703 253 1770 alia
267 1703 344 1780 llll,
361 1702 493 1786 (loquer
510 1723 582 1769 cum
607 1710 710 1769 matre
736 1711 769 1770 ct
793 1702 903 1787 fratrc,
928 1723 1059 1789 sorore;
1082 1705 1116 1772 iu
1139 1705 1198 1772 ΠΙ.
1223 1705 1299 1773 1111.

182 1811 394 1878 homines-
409 1846 452 1858 -
468 1832 540 1878 uum
558 1832 656 1880 uxore
686 1819 720 1879 et
744 1807 897 1880 fratribus
923 1814 1065 1898 dnobus;
1088 1811 1178 1880 dedit
1202 1813 1299 1880 etiam

181 1917 300 1986 XXIII
315 1919 415 1985 boues
431 1940 472 1985 ac
496 1907 650 2005 aratrum,
677 1927 710 1986 et
733 1920 816 1987 duas
841 1939 974 1988 vaccas.
997 1921 1070 1987 Hac
1096 1919 1298 1988 ordinatione

182 2029 286 2094 Sacro
303 2029 472 2112 Beatoque
487 2029 643 2095 Mauricio
658 2015 822 2095 ordinauit
841 2029 912 2094 Rex
938 2029 1075 2100 Sanctus
1100 2027 1296 2115 Stephanus,

182 2157 281 2220 quem
295 2141 327 2202 et
342 2137 512 2202 renouauit
526 2139 595 2203 Rex
614 2136 781 2223 piissimus
807 2137 1007 2206 Ladihlauus
1032 2143 1151 2222 rogatu
1175 2137 1298 2224 Jose'ph

180 2245 287 2310 incliti
301 2245 415 2329 patris,
433 2245 489 2328 qui
504 2265 588 2310 nnnc
604 2246 761 2332 patrissat
777 2247 891 2312 eodem
907 2247 940 2311 in
961 2245 1042 2312 loco.
1054 2246 1099 2311 Et
1111 2263 1152 2310 ne
1167 2265 1297 2330 scrupu-

179 2353 233 2418 lus
250 2361 430 2437 remaneat,
446 2353 539 2418 huius
556 2355 679 2420 cartule
694 2354 832 2440 scriptor
849 2353 958 2421 extitit
992 2353 1164 2438 Seraphim
1183 2355 1290 2440 capel-

176 2463 273 2527 lanus
289 2461 389 2546 Regis
405 2461 588 2547 Ladihlaui,
602 2464 656 2545 qui
671 2471 789 2550 postea
804 2462 869 2529 Dei
885 2463 1044 2530 electione
1061 2463 1227 2530 ordinatus
1242 2470 1292 2530 ost

177 2569 361 2656 Episcopus
377 2577 410 2635 et
425 2570 710 2656 Archiepiscopus.
727 2570 843 2637 Adhuc
859 2578 967 2638 autem
983 2571 1182 2654 subiungens
1200 2570 1293 2638 dico:

175 2679 228 2744 Sit
242 2683 351 2744 autem
371 2677 476 2763 ipsum
504 2680 740 2746 monasterium
764 2680 807 2746 ab
835 2681 922 2748 omni
945 2678 1165 2764 inquietudine
1190 2697 1292 2746 semo-

173 2797 253 2853 tum.
277 2789 356 2853 Eta
377 2806 567 2870 quocunque
583 2789 743 2855 noluerint
769 2792 982 2856 consecrandi
1007 2789 1172 2872 abbatem,
1188 2788 1293 2872 sitque

173 2895 243 2963 illis
258 2895 380 2961 licitum
396 2895 529 2962 ordines
556 2897 704 2981 accipere
728 2899 843 2980 quouis
867 2898 950 2963 looo.
974 2893 1167 2980 Habeatqne
1191 2898 1294 2964 licon-

173 3005 262 3070 ciam
278 3001 442 3069 incidendi
474 3003 564 3086 ligna
580 3005 624 3071 ad
638 3024 730 3072 usum
746 3005 885 3072 ecclesie
901 3012 935 3072 ct
950 3005 994 3072 ad
1009 3025 1090 3092 opus
1100 3005 1292 3092 prediorum,

173 3119 208 3178 et
233 3113 323 3196 porci
361 3131 478 3178 eorum
516 3113 619 3180 libere
650 3121 838 3198 pascantur.
871 3113 1072 3199 Preoipimus
1100 3113 1210 3196 itaqua
1234 3113 1293 3180 sub

172 3219 406 3288 testificatione
421 3221 602 3288 Saloatoris
618 3221 749 3288 Domini
764 3223 866 3289 nostri
881 3223 961 3290 Jesu
976 3221 1106 3307 Christi,
1122 3229 1157 3290 ut
1181 3213 1288 3292 nullua

170 3329 457 3415 Arcbiepiscopus,
483 3349 543 3396 uec
558 3330 749 3415 Episcopus,
763 3351 823 3397 nec
840 3331 924 3415 Dux,
940 3349 1000 3396 nec
1026 3331 1204 3400 (lomesseu
1228 3331 1286 3397 ali-

169 3439 244 3522 quis
260 3437 366 3521 homo,
382 3437 424 3503 dc
439 3439 506 3504 iam
521 3439 649 3523 prefato
665 3440 861 3506 monasterio
876 3439 987 3522 aliquo
1016 3438 1111 3505 modo
1145 3457 1181 3506 se
1206 3441 1289 3508 iutro

168 3546 280 3612 mittat
296 3544 329 3610 in
345 3545 527 3634 mancipiis,
543 3547 648 3630 terris,
667 3547 779 3632 vineis,
795 3545 836 3611 de
847 3547 994 3612 omuibus
1004 3544 1284 3632 decimationibus,

169 3653 415 3740 piscationibus,
437 3655 516 3742 ripis
532 3655 691 3740 placistis,
701 3661 769 3722 tam
779 3655 881 3722 libere
896 3651 1093 3740 possidenda
1109 3657 1192 3722 sicut
1205 3655 1283 3743 Epi·

166 3763 261 3848 scopi
276 3763 540 3849 possidentltom
555 3763 632 3832 dedi
648 3765 780 3835 XXIIII
795 3764 981 3832 mansiones
998 3783 1070 3831 cnm
1086 3763 1238 3834 salifodio
1254 3773 1286 3832 et

168 3873 354 3938 cumtribus
365 3871 515 3958 nauibus,
534 3879 568 3940 ut
592 3875 724 3964 ipsimet
742 3873 869 3960 lapidos
885 3873 966 3941 salis
977 3869 1285 3940 elodiantsossatos·

165 3999 229 4063 que
244 3979 293 4047 IH
308 3981 434 4059 uicibus
451 4002 515 4068 per
526 4003 645 4062 annum
655 3985 726 4050 sine
736 3983 822 4048 omni
838 3981 976 4068 tributc;
1001 4001 1136 4067 quorum
1152 3983 1284 4054 nomina

166 4091 331 4158 hecsnnt:
356 4089 434 4172 Jan,
450 4091 582 4176 Paulus,
598 4089 769 4175 Martinus,
779 4092 901 4176 Negas,
911 4089 1043 4173 Nerine,
1053 4089 1216 4175 Nauasca,
1227 4091 1286 4158 Sa-

164 4217 236 4274 can,
253 4197 380 4280 Walen,
403 4199 520 4283 Descc,
545 4199 674 4284 Lanna,
699 4199 791 4284 Bela,
815 4198 949 4284 Bedadi,
966 4195 1101 4279 Kasudi,
1127 4197 1282 4284 Hagordi,

162 4305 286 4390 Zacan,
302 4306 455 4392 Michacl,
471 4308 580 4392 Kurra,
592 4309 719 4396 Kimey,
737 4307 853 4395 Gnein,
869 4307 964 4392 Keta,
981 4307 1073 4389 Zaut,
1089 4302 1205 4390 Scicul,
1220 4307 1282 4374 Bo·

161 4413 255 4500 gitta,
271 4414 422 4482 Rescadi.
447 4418 532 4484 Itum
548 4418 695 4503 predium
711 4417 798 4504 quod
821 4418 918 4502 uulgo
943 4419 1076 4482 uocatur
1100 4414 1223 4502 ldogos,
1248 4415 1283 4484 in
1321 4397 1346 4470 ζ

161 4541 227 4606 quc
241 4521 304 4589 duo
320 4528 433 4592 aratra
450 4543 521 4592 cum
537 4543 595 4594 sex
612 4525 833 4594 mansionibus
850 4523 1070 4607 continentum
1086 4522 1176 4590 cuius
1191 4531 1279 4591 meta
1322 4511 1328 4530 ’

162 4630 317 4717 incipitur
331 4631 373 4698 de
395 4635 526 4717 gemina
555 4633 681 4717 frutice,
708 4633 793 4717 quod
818 4633 975 4719 uulgatim
1000 4639 1135 4699 uocatur
1159 4631 1280 4698 ilrirbu-
1359 4617 1377 4678 '-

165 4739 254 4830 kur,
278 4737 354 4814 iude
380 4741 470 4816 uadit
485 4762 544 4832 per
567 4761 685 4820 uenam
710 4761 794 4838 aque
811 4740 1079 4831 admonticulum,
1104 4747 1137 4818 et
1160 4741 1205 4819 ibi
1230 4746 1279 4818 etl
