3234 5072
718 347 752 423 ‚5
789 379 793 392 1

181 545 426 634 affirmantibus,
455 573 519 618 non
543 553 662 622 debere
677 573 751 622 esse
766 575 819 623 res
837 555 1028 640 dominicae,
1044 555 1078 622 id
1097 567 1148 626 est
1163 559 1293 628 domino

182 656 415 725 dominantium
440 659 589 727 traditas.
613 663 663 728 Ita
678 669 754 730 sunt
777 663 838 730 sub
863 662 1175 752 defensionemque,
1199 668 1294 745 sicuti

178 763 381 851 propriosne
397 765 596 835 hereditatis.
622 771 790 854 Magisque
807 761 963 852 advertat
980 771 1057 854 quia
1073 782 1193 855 quanto
1203 775 1293 841 Deua

180 873 388 941 excellentior
404 881 454 940 est
475 873 613 959 homine,
646 885 736 944 tanto
761 879 958 962 prestantior
981 886 1031 944 cst
1056 879 1177 946 Diuina
1191 899 1295 949 causa

178 981 360 1048 mortalium
375 983 592 1067 possessione.
609 971 750 1063 Quarum
767 985 959 1052 Divinarum
974 1006 1079 1052 rerum
1096 987 1246 1056 defensor
1262 995 1294 1056 ct

183 1093 294 1154 custos
310 1087 489 1156 Diuinilate
506 1095 655 1175 statutus,
672 1092 822 1177 diligenti
839 1112 916 1160 cura
933 1113 996 1160 uon
1021 1075 1124 1161 solum
1149 1114 1206 1162 eas
1230 1117 1294 1165 ser-

176 1213 265 1279 uare,
283 1193 454 1262 sedetiam
470 1197 684 1282 multiplicare
699 1199 809 1280 debet)
819 1200 986 1286 magisque
996 1200 1056 1266 illa
1068 1205 1293 1286 presumimus,

179 1322 275 1387 quam
291 1321 351 1369 sua
368 1302 542 1370 defendere
559 1313 687 1391 oportet
702 1317 734 1374 ct
749 1316 968 1392 augmentare.
992 1305 1027 1374 si
1046 1307 1119 1390 quis
1133 1307 1232 1392 igitur
1245 1313 1290 1379 in·
1423 1361 1430 1372 ,

175 1429 277 1478 sanus
294 1410 544 1496 inoportunitate
554 1408 758 1499 inprobitatis
774 1434 832 1481 sue
842 1415 967 1500 Regem
983 1435 1003 1482 a
1018 1422 1107 1482 recto
1123 1417 1290 1502 proposito

180 1523 369 1603 peruertere
385 1519 605 1604 temptaverit,
621 1519 781 1604 nullisque
806 1519 959 1586 remediis
974 1520 1117 1607 mitigari
1133 1543 1231 1608 posse
1246 1523 1292 1591 ni-

179 1645 233 1692 sus
248 1624 536 1710 sucrit‚⁵obsequiis
548 1627 713 1710 aliquibus
730 1628 927 1696 transitoriis
946 1614 993 1695 sit
1013 1631 1294 1712 necessariusab·

178 1731 353 1801 scidendus
369 1735 412 1800 ab
429 1753 468 1800 eo
483 1733 749 1819 proiciendnsqne
767 1743 825 1818 est,
843 1735 935 1802 iuxta
952 1734 1033 1803 illud
1051 1721 1293 1824 euangelicum:

179 1842 212 1909 si
226 1859 297 1928 pes,
310 1860 425 1908 manus
441 1843 493 1908 rel
507 1842 618 1908 oculus
635 1853 707 1907 tuns
725 1841 927 1909 scandalizat
942 1849 986 1926 le,
1005 1851 1138 1928 amputa
1149 1847 1202 1912 vel
1218 1865 1294 1912 eruc

178 1967 260 2035 eum,
278 1957 311 2016 et
325 1951 435 2036 proice
451 1948 509 2015 abs
524 1955 566 2016 te.
1358 2029 1360 2040 Ι

236 2061 241 2066 ’
282 2055 410 2123 lI.Do
442 2055 1013 2144 potestatellpiscoporum
1048 2077 1188 2145 super
1220 2079 1292 2129 res
1369 2098 1418 2162 κ,

183 2163 558 2247 ecclesiasticas,
581 2183 813 2246 eorumque
844 2165 1167 2234 convenientia
1202 2187 1291 2236 cum
1337 2155 1342 2164 ⁵

180 2273 221 2337 la
232 2271 243 2337 i
255 2290 273 2336 c
283 2272 295 2336 i
307 2291 333 2338 s.
357 2269 559 2338 volvmvs
575 2279 612 2338 ut
628 2271 783 2357 Episcopi
800 2271 943 2340 habeant
957 2277 1156 2357 potestatem
1171 2293 1224 2342 res
1238 2294 1296 2342 ec-

180 2379 384 2447 clesiasticas
399 2375 578 2463 prouidere,
595 2397 708 2463 regere
724 2386 757 2443 et
772 2375 963 2463 gubernare,
981 2387 1085 2463 atque
1100 2379 1295 2467 dispensare
1404 2409 1407 2414 ’

181 2485 356 2557 secundum
381 2484 568 2553 canonicam
592 2485 829 2554 securitatem.
858 2483 1017 2554 Volumus
1040 2494 1076 2553 ut
1101 2495 1134 2557 et
1157 2491 1236 2558 laici
1260 2491 1294 2558 in

180 2614 290 2663 eorum
306 2593 483 2661 ministerio
500 2593 656 2661 obediant
670 2595 843 2680 Episcopis
868 2591 912 2660 ad
935 2594 1099 2678 regendas
1123 2597 1291 2684 ecclesias,

182 2703 297 2771 uiduae
322 2709 355 2769 et
378 2703 542 2789 orphanos
566 2701 795 2787 defensandos,
821 2709 854 2768 et
878 2709 912 2767 ut
936 2701 1127 2771 obedientes
1151 2705 1217 2773 sint
1250 2709 1294 2776 ad

176 2816 285 2878 acrum
301 2810 577 2879 christianitatem
593 2810 794 2878 servandam.
822 2810 1136 2900 consentientesque
1152 2812 1218 2880 sint
1234 2831 1286 2880 oo·
1308 2861 1315 2871 -

176 2923 270 2988 mites
286 2927 319 2985 et
333 2919 458 2993 iudices
474 2919 660 3006 presulibus
676 2917 744 2984 suis
770 2916 814 2985 ad
836 2918 979 2986 iustitias
996 2917 1177 3004 faciendas,
1202 2921 1294 2987 iuxta

174 3033 328 3114 precepta
345 3025 427 3110 legis
442 3026 571 3092 Dirine.
594 3025 635 3092 Et
659 3027 844 3092 nullatenus
868 3045 927 3112 per
958 3024 1138 3109 aliquorum
1161 3029 1291 3096 menda·

176 3137 260 3204 cium
276 3135 329 3200 val
345 3134 464 3200 falsum
479 3133 706 3216 testimonium,
723 3153 828 3218 neque
843 3131 1028 3220 periurium,
1055 3141 1114 3202 aut
1138 3153 1196 3220 per
1220 3156 1290 3222 pro

176 3244 275 3310 mium
291 3243 346 3308 lex
363 3244 450 3308 iusta
467 3243 500 3308 in
516 3242 624 3328 aliquo
640 3243 844 3329 deprauetur.

281 3351 341 3418 ΠΙ.
365 3349 530 3430 Quales
554 3350 752 3418 debeant
780 3369 882 3416 csse
912 3352 1058 3417 testes'
1094 3359 1136 3417 et
1167 3369 1292 3420 acon·

176 3465 353 3528 satores
377 3461 654 3526 clericorum.
683 3457 848 3525 Tuscus
879 3463 989 3524 autem
1020 3465 1053 3523 et
1081 3465 1291 3528 accusatores

172 3565 359 3634 clericorum
376 3567 446 3637 sine
463 3569 576 3652 aliqua
591 3568 656 3636 siut
670 3567 813 3652 infamia,
830 3585 946 3634 uxores
963 3571 996 3632 et
1009 3563 1094 3634 filios
1116 3565 1287 3652 habentes,

173 3682 205 3743 et
220 3675 351 3752 omnino
368 3675 530 3743 Christum
548 3677 769 3762 predicantes.

280 3785 357 3852 1111.
380 3785 488 3850 Item
511 3784 561 3850 de
585 3785 745 3860 eodem.
769 3779 1070 3852 TESTIMONIVM
1084 3780 1160 3848 laici
1178 3781 1291 3848 adver·
1415 3869 1417 3874 Ι

178 3908 233 3960 sus
250 3891 403 3960 clericum
419 3911 513 3959 nemo
529 3893 676 3979 recipiat.
700 3893 803 3960 Nemo
825 3892 910 3960 enim
936 3889 1088 3957 clericum
1115 3887 1291 3972 quemlihet

174 4001 206 4066 iu
221 3999 353 4086 publico
368 4001 555 4068 examinaro
571 4008 749 4086 presumat,
764 4001 829 4067 nisi
843 3999 876 4066 in
892 3998 1042 4075 ccclesia.

280 4106 317 4175 V.
348 4107 408 4174 Dc
439 4109 594 4176 laboro
626 4109 921 4178 sacerdotum.
955 4103 1141 4175 SGITOTE
1172 4101 1291 4170 fratres

172 4218 289 4299 cuncti,
306 4217 392 4302 quod
410 4238 510 4304 super
526 4239 638 4286 omnes
654 4238 713 4287 uos
729 4219 856 4285 laborat
872 4213 1034 4284 sacerdos.
1061 4211 1290 4296 Unusquisque

178 4323 262 4391 anim
278 4331 421 4392 uestrum
438 4345 529 4391 suum
545 4327 607 4391 lert
622 4325 767 4392 laborem
783 4321 956 4421 proprium,
973 4323 1028 4390 ille
1044 4317 1122 4387 uero
1140 4325 1172 4386 et
1196 4313 1288 4387 suum

174 4439 206 4499 et
221 4431 433 4517 singulorum.
451 4433 493 4498 lit
508 4433 582 4500 ideo
599 4431 682 4500 sicut
698 4433 753 4500 ille
768 4453 828 4520 pro
844 4431 990 4500 omuibus
1006 4431 1165 4514 nobis,ita
1181 4437 1215 4494 ct
1230 4445 1289 4493 uos

174 4559 286 4608 omncs
301 4561 361 4627 pro
377 4559 416 4608 eo
432 4559 561 4608 suorum
577 4559 709 4627 operum
724 4540 873 4608 laborare
888 4538 1027 4623 debetis,
1043 4537 1077 4604 in
1105 4543 1229 4606 tantum
1242 4537 1290 4635 ut

174 4647 201 4714 si
216 4649 399 4716 necessitas
416 4647 519 4733 inerit,
537 4649 662 4716 animas
679 4653 805 4715 uestras
821 4665 880 4733 pro
900 4647 1097 4733 seponatis.
1146 4646 1147 4650 ’
1232 4737 1235 4742 Ι
