3222 5054
718 879 796 946 lca.

195 1064 253 1128 IX.
271 1060 405 1150 Gerqcly
415 1063 510 1148 popa
524 1084 545 1124 a
555 1057 791 1146 panuculalmi
804 1061 1042 1126 cacat-mdttooi
1060 1065 1194 1152 apcitsdp
1208 1085 1321 1152 cappo·

365 1173 421 1235 adt
435 1167 656 1256 ipazscu‘ytalaa
671 1169 830 1234 aaronitas
845 1169 926 1236 clleo
939 1171 1017 1236 cedi.
1038 1171 1135 1236 1229.

300 1387 477 1472 Gregorius
503 1385 684 1474 Episcopus
709 1409 825 1458 seruus
850 1407 1019 1455 seruorum
1044 1389 1109 1457 Dei
1141 1387 1338 1458 uenembili

195 1496 287 1564 fratri
306 1545 314 1560 .
332 1541 364 1560 ..
392 1496 557 1583 Episcopo
573 1496 739 1570 chienui
755 1500 894 1566 salutem
920 1505 953 1566 et
976 1497 1202 1582 Apostolicam
1226 1497 1323 1564 bene·

195 1602 380 1671 dictionem.
397 1603 574 1688 conquesti
590 1612 665 1672 suut
680 1606 775 1674 nobis
792 1606 904 1674 dilecti
920 1605 998 1672 filii.
1016 1653 1024 1672 .
1041 1654 1049 1671 .
1065 1604 1180 1672 Abbas
1196 1612 1229 1673 et
1239 1605 1323 1675 (lcu-

195 1719 311 1780 ueutus
327 1713 516 1780 nonasterii
533 1714 646 1782 Sancti
669 1714 803 1782 Martini
827 1714 868 1784 de
895 1705 998 1782 Sacro
1014 1715 1124 1782 Monte
1141 1714 1322 1800 Pannonio,

195 1821 284 1904 quod
298 1820 477 1906 Dyonisius
492 1820 579 1890 lilius
590 1823 724 1908 Georgii
739 1823 843 1892 laicus
854 1821 1038 1893 lauriensis
1048 1821 1211 1906 Dioceais,
1221 1841 1320 1908 super

196 1929 388 2012 quibusdam
404 1931 506 2014 equis,
523 1931 664 2016 quadam
680 1933 819 2019 pecunie
835 1951 972 2015 summa,
992 1928 1090 2000 terris
1106 1929 1324 2016 possessioni·

196 2037 257 2104 bus
280 2057 322 2104 ac
346 2038 445 2106 rebus
469 2038 545 2112 aliis
568 2039 785 2109 iniuriauerat
810 2039 943 2109 eisdem.
961 2039 1106 2121 Ideoque
1123 2037 1325 2108 fraternitati

196 2155 250 2216 tue
265 2145 525 2233 perApcstolica
540 2146 665 2232 scripta
682 2147 885 2230 mandamus,
903 2151 1065 2231 quatenus
1082 2145 1232 2232 partibus
1248 2165 1324 2213 cou-

194 2256 321 2322 uccatis
336 2256 454 2322 audias
471 2273 607 2322 causam
623 2263 657 2323 et
672 2256 872 2342 apellatione
888 2260 1015 2322 remota
1031 2251 1143 2322 debito
1158 2252 1222 2320 flue
1238 2252 1324 2322 deei-

196 2361 266 2449 dan,
283 2363 409 2432 faciens
425 2364 513 2449 quod
528 2363 714 2432 decreueris
729 2384 788 2451 per
803 2381 974 2432 censuram
998 2360 1256 2428 ecclesiasticam
1271 2360 1322 2428 lir-

196 2474 291 2541 miter
306 2473 485 2540 obseruari.
502 2474 617 2542 Testes
633 2480 752 2554 aulem,
768 2471 824 2556 qui
839 2470 960 2540 fuerint
976 2466 1146 2554 nominati,
1164 2467 1194 2534 si
1204 2487 1240 2536 se
1251 2491 1325 2556 gra·

196 2585 263 2666 tia,
289 2581 364 2648 odio
380 2581 435 2648 vel
451 2581 566 2648 timore
581 2579 811 2649 subtraxerunt
828 2598 967 2646 censura
982 2576 1083 2646 simili
1099 2575 1324 2662 appellatione
1377 2612 1381 2620 ·

197 2696 349 2760 cessante
374 2687 554 2774 compellas
579 2687 711 2756 ueritati
736 2686 957 2756 testimouium
982 2681 1167 2774 perhibere.
1197 2684 1322 2752 Datum

196 2797 349 2887 Lugduni
363 2799 431 2866 kal.
448 2798 548 2883 Junii,
565 2796 778 2868 Pontificatus
793 2799 896 2866 nostri
911 2815 998 2866 auno
1014 2793 1122 2864 tertio.

372 3063 517 3136 OEredetie
531 3068 548 3119 a
561 3059 764 3120 saentmlrtoui
776 3061 928 3138 sispitstg
939 3057 1162 3129 leueltlrlban.)
