3214 5072
182 967 326 1054 Szerafln
343 971 527 1054 enatorpami
541 969 625 1034 oses
641 971 808 1055 epyesaepot
825 969 928 1056 alapit
943 969 1034 1036 Mara
1046 971 1213 1058 oearprami
1224 981 1298 1058 ptle-

348 1127 355 1144 .
372 1077 439 1162 pot
455 1079 486 1140 ts
502 1077 596 1140 Peter
612 1099 653 1140 az.
670 1079 807 1141 nummosi
825 1081 902 1162 apat
918 1079 997 1143 kozt.
1016 1080 1113 1143 1103.

291 1255 455 1340 Seraphin
471 1253 740 1340 Arehiepiseopns
758 1255 993 1340 strigoniensis
1014 1255 1202 1324 simultates
1218 1256 1302 1321 inter

183 1364 350 1456 Matheum
365 1363 563 1448 Episcopum
578 1362 866 1449 Wesprimiensem
882 1371 915 1429 et
930 1367 1061 1432 Petrum
1087 1364 1251 1432 Abbatem
1271 1365 1305 1430 S.
1326 1365 1397 1400 “

183 1472 315 1536 Martini
333 1471 374 1536 de
390 1479 499 1537 monte
511 1472 701 1538 Pannoniae
712 1474 908 1541 amieissime
918 1474 1093 1558 oomponit,
1110 1473 1163 1540 eui
1179 1472 1306 1558 discep-

183 1579 300 1644 tationi
315 1579 492 1647 intererant
508 1577 667 1662 Ugolinus
693 1579 903 1662 salonensis,
930 1583 1042 1650 Sixtus
1068 1579 1307 1648 Varadinensis

184 1695 217 1753 et
233 1689 398 1754 Arduinns
415 1687 601 1754 Geuriensis
618 1685 782 1774 Episcopi.
799 1691 892 1756 Anno
909 1689 1040 1756 Domini
1058 1687 1176 1756 MOIII.

185 1865 414 1938 (Archiepiseopi
445 1829 666 1938 strigonienses¹
691 1865 857 1936 compendio
893 1867 962 1932 dati,
989 1865 1204 1938 Nugyszombet
1223 1867 1302 1922 1752.

653 1955 841 2026 18101101).

618 2231 861 2249 -a—-nd--n--a-

720 2483 770 2548 15.

189 2657 331 2724 Ketaria
348 2659 454 2744 kiraly
465 2658 607 2722 Mieltieli
629 2659 715 2724 Vitat
729 2661 879 2725 velenozei
903 2662 1044 2748 dopohez,
1070 2660 1318 2746 loo'oeteltoet'oelc¹

540 2767 839 2854 ipazsdposodpcirol.
857 2772 954 2836 1111.

294 2945 510 3013 Golomennos
526 2945 647 3010 Divina
663 2946 794 3046 invente
811 2950 985 3017 elementia
1009 2949 1216 3036 Ungarorum.
1232 2950 1305 3015 Rex

188 3053 289 3120 Vitaii
305 3053 456 3119 Michaeli
473 3053 696 3120 strenuissimo
717 3057 911 3124 Venetorum
929 3059 1012 3125 Duoi
1020 3060 1160 3142 suisque
1171 3059 1308 3145 optima-

187 3165 445 3247 tibussalutem,
452 3162 676 3246 amicitiasque
692 3173 875 3252 perpetuas.

294 3287 393 3375 (Pare
409 3290 469 3355 ohe
486 3291 539 3355 nel
555 3290 713 3376 principio
729 3289 763 3357 di
779 3299 894 3374 questa
911 3299 1001 3359 curta
1027 3294 1052 3360 il
1075 3293 1126 3358 Re
1143 3269 1209 3376 qua
1224 3291 1254 3358 si
1279 3291 1308 3355 si

188 3397 280 3477 logni
296 3397 328 3463 (11
345 3419 409 3464 unu
425 3405 515 3463 certa
526 3396 699 3464 diffiden'za
709 3398 768 3464 ehe
780 3405 944 3467 mostrava
958 3401 991 3466 ia
1007 3401 1215 3487 Repmbblioa
1226 3399 1309 3464 sulle

186 3505 359 3572 intentioni
381 3506 447 3572 dell
477 3507 621 3589 ungh'ero
653 3508 827 3591 enbinetto,
859 3528 917 3593 per
949 3509 999 3577 oio
1017 3511 1087 3576 oosi
1104 3509 1135 3576 si
1152 3501 1309 3593 esprirne)

189 3613 419 3700 „Quapropter
446 3614 557 3679 iiteras
581 3615 643 3680 has
668 3614 762 3693 vobis
788 3616 953 3682 studemus
978 3617 1105 3702 legare,
1132 3615 1310 3705 referentes

187 3742 249 3788 nos
275 3729 403 3790 vestras
428 3724 523 3790 siouti
547 3728 770 3790 antecessores
801 3726 902 3791 nostri
932 3726 1120 3795 habuerunt
1146 3723 1309 3792 amieitius

188 3851 310 3916 oupare
327 3829 576 3917 sempiternas.“
599 3831 677 3916 (Dal
696 3831 889 3901 documento
905 3835 939 3902 in
964 3837 1049 3903 oltro
1065 3838 1094 3902 si
1110 3835 1225 3917 rilera,
1251 3831 1310 3900 ohe

186 3943 264 4022 quel
281 3942 429 4007 Sovrano
446 3938 561 4006 ohiede
578 3959 674 4006 sousa
689 3943 756 4008 alla
781 3942 959 4026 Republica
983 3945 1029 4012 ‹la
1059 3946 1103 4011 lei
1128 3942 1306 4027 rimprove·

186 4056 259 4115 rato
276 4048 310 4114 di
327 4070 390 4116 non
406 4069 505 4116 avere
521 4051 554 4114 in
571 4054 658 4114 oerte
674 4068 733 4115 sne
748 4050 893 4120 rieerehe
908 4051 1056 4136 risposto
1083 4052 1124 4116 nt
1148 4071 1169 4115 a
1191 4052 1308 4116 lettere
1424 4119 1431 4134 ⁸

185 4158 231 4224 da
248 4159 292 4228 lei
308 4156 489 4244 speditegli,
506 4161 545 4221 no
563 4158 595 4222 al
612 4157 644 4222 di
661 4157 704 4222 lei
720 4159 976 4226 Ambasoiatore.
1004 4161 1174 4241 protenta,
1202 4157 1261 4221 ohe
1285 4157 1310 4222 11
1359 4220 1366 4235 ,

187 4288 248 4334 sno
264 4267 401 4334 silenzio
418 4287 478 4333 eon
498 4266 682 4352 dispiaeore
707 4272 852 4334 ottennto
877 4287 939 4334 non
971 4266 1062 4335 eb'be
1094 4269 1175 4334 ultro
1200 4284 1311 4350 seopo,

185 4375 247 4445 che
261 4374 296 4442 di
312 4376 423 4441 salver
437 4377 468 4441 le
484 4373 639 4441 modalitt
655 4394 672 4438 e
688 4375 790 4441 l'utile
805 4375 872 4443 dell
889 4382 1028 4461 oggetto
1038 4381 1162 4446 mentre
1173 4395 1239 4442 non
1255 4393 1311 4439 era

187 4483 292 4550 sermo
309 4505 327 4550 e
343 4485 450 4550 siouro
466 4484 544 4567 qual
560 4484 589 4549 si
605 4482 655 4548 sia
669 4479 972 4567 petto,'quandoehe
998 4484 1041 4552 {la
1065 4505 1126 4552 sua
1151 4484 1311 4550 sottosori-

187 4593 369 4660 aione-non
401 4611 515 4662 avesse
546 4591 806 4677 l'upprorazione
841 4591 872 4656 di
902 4597 1036 4670 tutto-dl
1053 4595 1166 4678 Regno
1184 4591 1313 4660 eioeda
