3214 5066
802 345 955 448 [48.

324 550 356 615 in
371 548 575 614 multitudine
590 545 731 629 dimicat,
748 546 910 612 innovatis
927 545 1030 631 signis
1047 551 1080 610 et
1095 543 1296 627 mirabilibus
1323 545 1436 624 immu-

248 637 253 643 ’
323 655 400 721 tatis
416 653 589 720 secvvndum
605 651 874 736 omnipotentiam
890 671 981 718 suam
1006 651 1242 717 multitudinem
1266 651 1298 716 in
1323 650 1434 735 panei-

322 767 389 826 tate
406 759 558 828 dimicet!
594 759 762 825 (latissimi
777 759 862 824 enim
893 758 951 824 lilii
982 759 1085 826 nostri
1110 757 1278 844 Huugaric
1304 759 1377 824 Rex
1403 763 1436 824 et

320 869 450 936 Austris
464 888 505 934 ac
520 868 732 953 Maraguauie
748 869 866 952 Duces,
885 866 947 932 viri
973 867 1081 950 ntique
1113 867 1281 953 dignitatis
1312 865 1434 933 honore
1461 926 1467 940 ,
1591 917 1592 938 t

322 976 496 1062 conspicui,
508 975 640 1043 sednon
656 977 763 1042 minus
774 975 850 1042 fidei
859 975 1036 1042 devocione
1052 976 1199 1062 preclari,
1216 995 1287 1041 cum
1301 975 1435 1040 nonnul-

163 1098 178 1128 ·
227 1151 232 1162 ,
321 1083 363 1149 lis
378 1083 563 1168 baronibus,
589 1084 758 1170 comitibus
785 1090 817 1151 et
842 1084 907 1149 alio
932 1084 1088 1150 comitatu
1112 1103 1180 1167 suo,
1209 1083 1270 1150 Dei
1301 1101 1434 1150 munere

322 1189 427 1254 ventis
444 1191 494 1256 nsi
510 1190 667 1274 felicibus,
686 1190 782 1256 litora
794 1189 1090 1277 Hierosolymitane
1106 1191 1272 1284 provincie
1296 1189 1434 1257 feliciter

320 1297 502 1378 attigerunt.
527 1297 589 1375 Qui
619 1296 832 1380 attendentes,
858 1300 944 1382 quod
959 1317 1023 1366 non
1041 1303 1092 1364 est
1107 1297 1296 1378 differencia
1312 1299 1345 1362 in
1362 1315 1433 1364 con·

317 1411 430 1489 spectu
460 1406 523 1470 Dei
553 1406 636 1471 coeli
666 1405 804 1472 liberare
821 1407 854 1471 in
870 1406 979 1474 multis
1004 1413 1060 1474 aut
1081 1408 1208 1492 paucis,
1224 1406 1302 1488 quia
1318 1425 1383 1471 non
1397 1404 1431 1468 iu

319 1513 481 1579 exereitus
496 1513 709 1592 multitudine,
727 1515 785 1582 scd
802 1514 843 1580 de
859 1516 949 1583 coelo
967 1515 1104 1583 victoria
1132 1513 1342 1594 ministratur,
1367 1520 1431 1578 ter·

316 1639 388 1685 ram
403 1621 581 1707 Babylonis
596 1625 630 1687 in
646 1623 851 1690 multitudine
868 1623 998 1706 quidem
1015 1643 1130 1710 panea,
1156 1629 1285 1689 strenue
1311 1619 1353 1685 de
1378 1638 1430 1686 su·

319 1745 419 1812 perno
436 1727 547 1810 confisi
564 1731 685 1797 auxilio
702 1732 841 1815 ingressi
857 1715 971 1817 (sunt).
997 1727 1077 1807 Quis
1103 1729 1208 1796 fidelis
1232 1727 1293 1794 hoe
1318 1727 1430 1794 audito

319 1834 474 1920 lacrymis
491 1847 523 1902 et
539 1841 740 1924 orationibus
764 1839 930 1922 indulgere
954 1859 1017 1904 non
1034 1839 1167 1922 debeat,
1198 1856 1238 1902 ac
1268 1833 1430 1901 dominum

303 1944 424 2010 ¹cordis
441 1949 554 2012 eteris
574 1948 707 2014 vocibus
732 1949 927 2026 exclamare,
952 1967 1023 2013 eum
1048 1967 1124 2031 pars
1150 1946 1294 2031 corporis
1317 1942 1430 2026 nostri,

318 2053 404 2134 quod
420 2061 470 2118 est
485 2055 645 2140 Ecclesia,
663 2057 804 2140 eorporis
822 2057 913 2122 ouius
930 2064 980 2122 est
1007 2055 1153 2122 Christus
1180 2061 1286 2140 eaput,
1312 2071 1429 2136 eorpus

321 2160 410 2226 euius
427 2162 546 2245 singuli
563 2155 671 2233 sumus
688 2165 844 2247 membra,
861 2165 970 2233 forsan
996 2165 1058 2228 hae
1083 2165 1157 2247 ipsa
1188 2163 1270 2229 liora
1285 2158 1428 2245 gloriosa

316 2287 374 2353 pro
391 2266 455 2346 fide
472 2269 592 2338 Christi
608 2274 787 2339 certamina
803 2272 901 2356 ineat,
919 2253 1051 2354 suisque
1068 2271 1217 2338 diffidens
1233 2269 1366 2351 viribus,
1384 2286 1424 2333 ae

319 2376 360 2442 dc
376 2375 447 2442 sola
462 2377 591 2444 virtutis
608 2376 754 2464 (Divino)
773 2380 985 2445 miseracione
1000 2377 1172 2462 confidens,
1190 2379 1232 2444 ad
1252 2396 1324 2442 eam
1349 2374 1429 2440 saei·

261 2528 274 2538 -
319 2483 381 2550 lius
397 2485 632 2570 impetrandam
648 2493 829 2554 nostrarum
856 2486 1011 2572 suffragia
1038 2487 1221 2556 orationum
1246 2481 1428 2570 exposcat?

318 2591 404 2660 Sanc
420 2614 489 2671 nos,
507 2615 578 2661 eum
595 2597 638 2662 ad
654 2605 796 2663 nostram
812 2597 995 2682 pervenerit
1011 2595 1163 2662 noticiam
1181 2596 1255 2661 illos
1281 2613 1338 2679 per
1364 2599 1426 2660 ter·

317 2721 386 2767 ram
400 2703 579 2787 predictam
595 2706 743 2788 intrasse,
770 2707 912 2770 animam
944 2713 1087 2770 nostram
1119 2703 1289 2770 effudimus
1321 2705 1428 2768 eoram

317 2811 397 2894 Deo,
414 2805 502 2876 illum
519 2833 577 2897 per
593 2815 696 2899 ipsum
722 2815 753 2878 in
771 2815 987 2899 laerymarum
1013 2811 1179 2878 effluentia
1203 2810 1427 2896 deprecantes.

316 2917 358 2982 Idt
374 2919 452 3000 quia
472 2919 511 2985 de
537 2923 723 2988 meritorum
754 2915 910 3006 qualitate
942 2920 1177 3000 diffidebamus,
1210 2927 1275 2985 tam
1306 2921 1429 2987 olerum

319 3043 415 3108 quam
431 3031 583 3113 populum
602 3030 689 3096 urbis
706 3030 953 3096 convocavimus
971 3031 1003 3096 in
1018 3029 1157 3096 basilica
1169 3027 1358 3112 Salvatoris,
1384 3034 1432 3094 at·

317 3154 380 3218 qne
403 3135 477 3202 iude
502 3139 545 3202 ad
569 3139 787 3205 venerandum
818 3138 958 3221 gloriose
988 3139 1100 3205 matris
1132 3138 1202 3222 ejus
1234 3137 1427 3218 Ecclesiam,

316 3243 450 3328 prelatis
467 3247 627 3330 capitibus
644 3248 818 3312 Beatorum
835 3248 922 3312 Petri
938 3255 970 3312 et
985 3246 1079 3312 Pauli
1094 3246 1231 3332 pedibus
1246 3244 1341 3312 nudis
1356 3265 1428 3332 pro·

294 3351 537 3428 ¹cessionaliter
550 3356 677 3441 ivimus,
695 3360 729 3420 ut
744 3355 881 3441 prefatis
898 3357 975 3422 Jesu
993 3355 1114 3422 Christt
1138 3371 1275 3421 assensu
1301 3359 1333 3418 et
1359 3354 1428 3419 eius

314 3461 480 3546 genitricis
495 3465 633 3546 obtentu,
651 3484 823 3551 supernum
839 3465 1083 3551 impetraremus
1098 3462 1264 3544 auxilium,
1282 3460 1325 3528 ad
1341 3461 1428 3544 quod

317 3576 427 3643 nostra
443 3589 505 3635 non
524 3571 672 3642 sufficere
688 3574 805 3642 merita
830 3572 1022 3640 sciebamus.
1047 3571 1162 3638 Verum
1188 3569 1265 3652 quia
1289 3587 1347 3652 per
1371 3588 1428 3636 eos

314 3677 420 3744 tocius
436 3681 547 3764 populi
563 3681 737 3747 Christiani
754 3683 914 3765 negotium
932 3685 1064 3766 geritur,
1082 3698 1181 3763 quare
1207 3677 1341 3762 dignum
1367 3685 1428 3760 est,

315 3793 349 3851 ut
364 3785 408 3853 ad
424 3791 621 3857 exorandum
637 3813 694 3877 pro
713 3791 760 3856 eis
778 3792 980 3858 Christianus
991 3789 1127 3874 quilibet
1143 3789 1174 3852 in
1193 3787 1339 3853 oratione
1355 3805 1426 3869 pro-

277 3923 281 3932 v
315 3901 479 3963 sternetur
494 3898 665 3983 humiliter,
682 3905 812 3985 propter·
827 3899 888 3966 hoc
905 3899 1130 3984 processiones
1146 3896 1179 3962 in
1196 3893 1334 3977 singulis
1350 3893 1427 3960 eivi-

319 4003 439 4070 tatibus
456 4015 489 4071 et
503 4007 578 4073 aliis
602 4007 707 4100 loeis,
726 4009 759 4073 in
790 4009 906 4091 quibus
936 4013 987 4073 est
1016 4003 1196 4089 frequentia
1226 4001 1426 4088 populorum,

313 4111 417 4195 prima
445 4121 541 4180 sexta
565 4113 649 4182 feria
673 4116 843 4186 cuiuslibet
868 4116 988 4183 mensis
1012 4110 1210 4200 providimus
1236 4109 1424 4177 iaciendas:

314 4229 486 4306 sperantes
512 4223 597 4318 quod
623 4223 686 4307 ille,
713 4225 768 4307 qni
798 4224 953 4291 dictatam
984 4225 1017 4290 in
1047 4213 1201 4288 Ninivitis
1232 4217 1426 4285 sententiam

314 4346 425 4398 eorum
440 4328 661 4400 humiliatione
677 4339 859 4417 conspecta,
885 4330 1135 4399 misericorditer
1149 4328 1331 4411 revocavit,
1358 4325 1424 4409 quti-

315 4454 376 4518 qne
391 4456 453 4504 uno
469 4441 583 4528 Moyse
599 4448 711 4508 orante
736 4462 794 4528 pro
819 4441 939 4526 populo
966 4437 1186 4507 Amaleehitas
1213 4433 1370 4504 convertit
1391 4434 1426 4500 in

314 4539 434 4630 fugam,
451 4551 483 4612 et
499 4549 600 4615 solem
615 4550 716 4617 Jesue
731 4548 883 4635 precibus
898 4557 985 4616 stare
1001 4547 1095 4630 feeit,
1120 4545 1175 4629 qni
1191 4543 1330 4630 denique
1347 4560 1424 4630 snos

314 4649 357 4716 ad
381 4672 417 4717 sc
441 4651 483 4717 de
509 4673 698 4741 quacunque
729 4656 935 4726 tribulatione
967 4655 1146 4724 clamantes
1176 4673 1212 4722 se
1244 4650 1425 4722 auditurum
