3198 5058
806 330 965 434 ..Q

323 538 409 609 blice
431 529 587 605 nuntietis
613 534 646 597 et
669 525 801 595 faciatis
826 525 869 594 ab
894 523 1043 592 omnibus
1061 525 1164 593 artius
1180 523 1314 604 unitari,
1339 525 1446 596 donec

323 647 434 734 passis
450 641 600 711 iniuriam
625 631 823 703 satisfecerit
847 638 1085 719 competenter,
1111 639 1240 701 etcum
1266 639 1448 701 uestrmum

321 751 507 822 testimonio
531 747 712 814 litterarum
737 742 781 809 ad
805 741 925 810 Sedem
952 743 1079 810 uenerit
1093 740 1319 827 Apostolicam
1336 743 1445 810 absol-

322 861 457 930 ucndus.
475 858 580 942 Super
595 853 670 922 aliis
685 869 772 936 uero,
785 849 931 936 partibus
941 851 1130 919 conuocatis
1143 851 1289 918 audiatis
1299 869 1445 934 cauum,

321 978 356 1038 et
371 965 593 1056 appellatione
609 967 733 1028 remota
747 957 812 1024 fine
828 959 938 1026 debito
954 959 1154 1042 terminetis,
1181 957 1341 1024 facientes
1357 959 1446 1050 quod

320 1073 532 1144 decreueritis
556 1090 614 1158 per
639 1087 810 1136 censuram
835 1067 1093 1136 ecclesiasticam
1117 1066 1250 1133 firmiter
1266 1065 1444 1133 obseruari.

318 1185 436 1251 Testes
451 1187 560 1248 autem
575 1179 630 1262 qui
647 1176 767 1244 fuerint
781 1175 949 1259 nominati,
966 1176 995 1243 si
1005 1195 1040 1242 se
1049 1175 1167 1260 gratia,
1177 1173 1253 1242 odio
1264 1175 1318 1240 uel
1328 1175 1444 1240 timore

319 1289 549 1372 subtraxerint,
566 1305 625 1372 per
641 1301 812 1351 censuram
828 1282 967 1350 eandem
984 1281 1209 1369 appellatione
1220 1286 1373 1350 cessante
1390 1299 1443 1346 co-

318 1397 407 1488 gatis
422 1395 553 1464 ueritati
568 1391 786 1461 testimonium
803 1391 985 1476 perhibere.
1009 1387 1133 1468 Quodsi
1157 1409 1222 1456 non
1248 1408 1361 1456 omues
1377 1388 1444 1472 hijs

318 1505 520 1593 exequendis
535 1502 708 1590 potueritis
724 1501 894 1579 interesse,
904 1508 938 1568 tu
949 1503 1053 1568 trater
1063 1499 1236 1586 Episccpe,
1247 1517 1320 1564 cum
1332 1515 1442 1564 eorum
1459 1503 1465 1516 “

316 1620 422 1685 altero
447 1635 488 1682 ea
512 1611 739 1680 nichilominus
756 1608 938 1694 exequaris.
964 1609 1085 1676 Datum
1112 1607 1239 1692 Perusij
1257 1605 1305 1673 Id.
1321 1605 1442 1674 Martii.

317 1723 527 1794 Pontificatus
543 1721 646 1788 nostri
662 1737 748 1788 anno
764 1724 892 1786 octauo.

458 1898 603 1972 (Eredetie
622 1915 639 1954 s
657 1895 870 1953 ssent-mirtoni
888 1890 1043 1966 toapttstg
1062 1889 1281 1964 levdltirdbau.)
1355 1917 1375 1953 a

745 2065 992 2082 aunuum-*rn-

825 2260 920 2382 fib}

313 2479 372 2545 IX.
397 2478 532 2566 Gerpely
543 2479 634 2564 pdpc
658 2497 680 2538 o
701 2475 806 2540 kdnok
824 2473 1026 2561 pttsprdlelcek
1050 2475 1168 2539 rausero
1192 2495 1231 2539 oe
1255 2477 1439 2563 metaponti
1531 2553 1536 2561 Ι

366 2587 470 2671 drot,
488 2585 590 2650 okkor
606 2594 649 2650 ott
659 2585 765 2669 pripoi
778 2584 867 2648 kooc
882 2581 1047 2649 redduco
1071 2583 1256 2668 accedent.
1283 2585 1379 2648 1234.

417 2763 594 2849 Gregorius
607 2761 790 2846 Episcopus
807 2763 867 2826 etc.
884 2759 1064 2828 vonerabili
1081 2759 1200 2827 fratri.
1220 2811 1228 2828 .
1246 2809 1254 2826 .
1271 2761 1434 2850 Episcopo

309 2869 529 2938 Cumanorum
544 2871 683 2938 salutem
700 2870 882 2937 etcaelustis
897 2868 1078 2956 petentium
1091 2869 1266 2938 desideriis
1282 2879 1344 2938 etc.
1362 2874 1433 2956 Sig-

309 2976 451 3046 nificasti
467 2976 628 3061 siqnidem
644 2977 756 3063 nobis,
783 2977 869 3061 quod
884 2979 1084 3046 venerabilis
1101 2977 1201 3046 frater
1217 2989 1328 3046 noster
1347 3032 1352 3044 .
1373 3025 1382 3044 .
1399 3029 1406 3046 .
1425 3029 1432 3045 .

309 3085 544 3170 strigoniensis
560 3083 851 3172 Archiepiscopus‚
877 3095 954 3154 tunc
979 3088 1013 3154 in
1032 3089 1202 3172 provincia
1218 3087 1434 3156 Cumanorum

308 3196 499 3282 apostolice
516 3195 611 3264 Sedis
627 3196 773 3280 Legatus
781 3243 790 3278 ,
807 3203 895 3264 tuam
911 3197 1078 3264 Diocesim
1095 3198 1260 3280 limitans,
1277 3203 1433 3284 perpetuo

308 3305 423 3372 statuit
439 3301 618 3383 obseruari,
629 3305 715 3386 quod
732 3305 814 3370 nulli
830 3305 926 3388 laico,
944 3305 1091 3390 patronis
1108 3306 1263 3391 exceptis,
1281 3307 1313 3372 in
1332 3307 1433 3372 eccle-

239 3411 246 3428 '
306 3413 366 3482 siis
382 3419 436 3480 tue
452 3411 603 3480 Diocesis
619 3420 810 3496 presentare
826 3413 927 3480 liceat
943 3415 1156 3500 capellanos,
1183 3421 1216 3480 ot
1241 3414 1432 3482 sacerdotes

306 3526 456 3604 quartam
469 3518 616 3588 babeant
631 3518 842 3605 decimarum,
861 3538 900 3586 ac
916 3519 1056 3604 quedam
1073 3521 1152 3606 alia,
1169 3527 1264 3605 prout
1280 3521 1313 3586 in
1331 3522 1431 3606 ipsius

306 3628 424 3696 litteris
439 3625 514 3694 inde
531 3625 691 3696 confectis
706 3629 837 3713 plenius
853 3629 971 3698 dicitur
986 3629 1153 3713 contineri,
1171 3648 1234 3714 que
1244 3637 1431 3718 contempta

305 3737 499 3823 periculum,
515 3734 678 3803 custodita
694 3737 833 3803 salntem
849 3737 982 3822 pariunt
997 3737 1190 3808 animarum.
1223 3739 1293 3804 Nos
1319 3738 1430 3823 itaque

305 3841 522 3916 fraternitatis
538 3850 593 3910 tue
609 3843 760 3928 precibus
777 3845 936 3926 inclinati,
953 3849 1039 3931 quod
1054 3867 1113 3932 per
1129 3843 1267 3916 cundem
1286 3846 1429 3931 legatum

305 3971 402 4040 super
418 3951 481 4020 biis
497 3951 558 4018 rite
575 3971 615 4018 ac
631 3953 787 4020 canonice
804 3953 926 4022 iactum
944 3961 1006 4035 est,
1022 3962 1127 4022 ratum
1144 3955 1302 4022 habentes
1319 3961 1429 4022 aucto-

304 4063 400 4130 ritate
416 4061 608 4147 Apostolica
625 4059 852 4130 confirmamus
878 4070 909 4132 et
935 4065 1098 4148 presentis
1119 4063 1232 4149 scripti
1248 4063 1429 4150 patrocinio

304 4171 544 4238 commuuimus.
570 4169 661 4236 Nulli
680 4189 759 4256 ergo
776 4177 836 4237 etc.
853 4178 965 4238 nostre
982 4170 1235 4240 confirmationis
1252 4172 1428 4256 infringere

303 4283 364 4344 ete.
381 4279 500 4346 Datum
518 4277 644 4345 Perusii
661 4279 699 4345 V.
715 4279 793 4346 Idus
810 4278 971 4348 Octobris.
997 4279 1208 4348 Pontificatus
1224 4279 1326 4346 nostri
1342 4299 1428 4345 anuo

304 4393 432 4453 octavo.

383 4556 446 4630 (lX.
462 4558 587 4632 Gergely
599 4561 676 4633 pdpa
688 4559 884 4631 Regestaibdl,
897 4559 1021 4618 Thciner
1033 4563 1071 4618 id.
1086 4581 1122 4618 nr.
1137 4563 1158 4619 1.
1173 4566 1231 4620 ket.
1247 4565 1307 4621 128.
1318 4563 1349 4636 l.)

756 4727 881 4740 -...-ι-
899 4725 936 4740 ..ι
958 4733 991 4742 ...
