3214 5066
293 1435 411 1506 Miletos
425 1433 528 1500 oddar
543 1432 723 1524 mcpcrdetti
737 1454 815 1497 aeon
831 1431 1013 1522 bardtadpoa
1029 1406 1220 1524 epyezkede'st
1229 1485 1239 1519 ,
1263 1437 1373 1525 meiyet
1388 1461 1409 1505 a

252 1613 254 1618 ,
290 1541 519 1635 pdurwulualun‘
532 1542 772 1607 secut-moirtoui
786 1545 864 1628 aptit
874 1542 958 1606 Beue
965 1543 1083 1627 fiuiual
1096 1545 1257 1611 Burcouos
1271 1547 1407 1636 helyedp·

513 1651 569 1717 ben
578 1649 682 1736 selred
689 1647 835 1733 solustra
850 1650 1068 1720 udzoelcdttttt.
1085 1653 1183 1718 1221.

237 1957 240 1963 ,
367 1956 373 1972 ,
399 1885 554 1954 Nicotaus
584 1883 752 1952 Palatinus
783 1891 816 1952 et
847 1882 961 1952 Comes
987 1885 1218 1973 Supruuiensis
1244 1887 1406 1955 uniuersis

292 2001 473 2082 presentem
498 1995 652 2079 paginam
676 1992 869 2080 inspecturis
895 1995 1032 2062 salutem
1060 1995 1092 2059 in
1108 1995 1249 2062 Domino
1267 2001 1299 2062 ct
1314 2016 1409 2064 omne

291 2106 418 2172 bonurn.
449 2101 616 2170 Vniuersis
640 2107 750 2168 notum
770 2100 839 2167 dori
856 2099 1021 2184 uolumus,
1047 2102 1131 2186 quod
1155 2104 1269 2171 Abbas
1296 2105 1410 2172 Sancti

245 2203 255 2216 '
292 2212 425 2279 Martini
440 2211 481 2277 dc
496 2209 682 2293 Pannonia,
708 2215 740 2274 et
754 2206 812 2274 filii
828 2209 931 2286 Beus,
953 2209 1150 2277 Benedictus
1172 2218 1205 2277 et
1230 2210 1321 2278 Vsum
1337 2231 1409 2279 cum

292 2317 393 2386 fratrc
408 2338 517 2386 eorum
534 2319 685 2384 Poznauo
711 2337 752 2382 ex
777 2317 845 2383 alia
860 2324 954 2402 purte
980 2318 1024 2386 ad
1047 2317 1254 2404 presenciam
1277 2317 1410 2387 Martini

291 2427 363 2495 uice
386 2425 492 2494 nostri
515 2424 631 2494 iudicis
654 2425 849 2492 accedentes
873 2443 970 2511 super
993 2425 1133 2510 quadam
1157 2432 1245 2494 terra
1278 2429 1408 2496 nomine

124 2561 127 2568 ·
221 2581 222 2584 =
259 2619 262 2624 Ι
291 2537 438 2616 Barsun,
470 2531 511 2598 de
546 2551 611 2615 qua
634 2532 717 2598 inter
740 2532 831 2618 ipsos
853 2533 953 2618 longa
969 2535 1198 2603 ,controuersia
1222 2541 1255 2602 et
1278 2542 1407 2602 couten-

291 2645 342 2712 oio
373 2649 444 2710 orta
475 2639 582 2707 fuerat
614 2659 723 2708 coram
756 2639 904 2728 pluribus
937 2643 1120 2725 iudicibus,
1158 2645 1409 2712 conuenoiouem

291 2751 437 2820 fecerant
458 2748 521 2814 hoc
541 2747 662 2814 modo:
686 2749 780 2828 Quod
803 2749 991 2834 prestaldus
1015 2748 1263 2836 Archiepisoopi
1285 2751 1407 2836 Strigo

181 2904 183 2909 -
291 2859 426 2943 niensis,
459 2858 514 2939 qui
537 2863 656 2924 statum
685 2863 969 2946 memorateterre
992 2864 1024 2924 et
1046 2859 1163 2925 seriem
1186 2859 1408 2926 contencionis
1475 2927 1481 2943 ,

293 2984 398 3032 eorum
413 2971 619 3052 prenouerat,
633 2965 677 3032 ad
701 2963 925 3032 circueundam
950 2967 1042 3034 illam
1065 2966 1245 3058 accederet,
1269 2965 1406 3053 etquid

291 3073 371 3159 quid
393 3071 434 3138 de
457 3079 544 3140 terra
566 3071 625 3146 illa
648 3071 832 3150 ordinaret,
856 3073 909 3138 uel
932 3073 973 3139 dc
994 3073 1206 3141 contencione
1222 3094 1331 3142 eorum
1347 3081 1408 3142 ter-

291 3181 446 3266 minaret,
480 3180 608 3264 utrique
642 3181 729 3266 parti
760 3187 866 3248 ratum
899 3181 991 3249 ficret
1022 3189 1055 3248 et
1086 3191 1268 3268 acceptum.
1308 3183 1409 3269 Igitur

157 3343 160 3350 .
281 3283 474 3380 'prestaldus
499 3294 564 3359 iam
588 3286 693 3357 dictus
717 3297 904 3360 accesserat
927 3297 961 3358 ct
983 3293 1155 3360 circuendo
1174 3293 1262 3376 quod
1284 3290 1406 3361 iustum
1474 3349 1480 3366 ,

291 3403 395 3468 fuerat
418 3419 527 3469 coram
550 3399 721 3468 comitibus
744 3397 905 3487 Kyliano,
942 3402 1058 3480 Petro,
1090 3407 1124 3468 et
1155 3399 1313 3488 Gregorio
1347 3401 1408 3466 Ee·

291 3507 390 3578 clesie
420 3509 516 3592 Beati
547 3507 680 3575 Martini
703 3507 754 3574 ius
777 3529 868 3578 suum
892 3507 932 3574 de
955 3509 1015 3576 illa
1038 3515 1135 3594 torre,
1158 3515 1190 3574 et
1212 3509 1278 3576 illis
1299 3529 1407 3593 quam·

290 3617 368 3686 darn
390 3625 516 3703 partem
539 3619 785 3704 assiguauerat,
820 3626 854 3686 et
886 3617 1039 3686 uuiucrse
1072 3619 1276 3688 contencioui
1298 3637 1409 3686 eorum

290 3723 387 3793 tinem
411 3725 617 3812 imposuerat.
662 3724 728 3792 Sed
750 3725 958 3810 postmodum
980 3727 1042 3794 uiri
1063 3726 1244 3813 pretaxati,
1268 3724 1409 3792 Benedi-

291 3840 361 3902 ctus
385 3840 418 3902 et
441 3836 529 3902 Vsuu
554 3853 624 3902 curn
647 3834 749 3907 fratre
771 3853 882 3902 eorum
901 3837 1054 3904 Pannano
1069 3835 1212 3921 maligue
1230 3833 1317 3900 ducti
1332 3851 1407 3902 con-

290 3945 362 4012 silio
387 3943 638 4014 conuenoiouem
660 3943 708 4011 ad
727 3961 919 4014 consensum
934 3943 1092 4031 prestaldi
1108 3951 1142 4012 et
1157 3945 1294 4012 aliorum
1309 3963 1407 4027 quam
1518 3987 1525 4010 .

289 4055 499 4140 plurimorum
521 4053 642 4122 factam
665 4061 864 4142 respuerunt.
907 4055 999 4122 Tunc
1022 4053 1135 4121 Abbas
1160 4073 1216 4122 eos
1239 4053 1282 4120 ad
1304 4053 1405 4121 nostri

292 4163 404 4230 citauit
425 4163 629 4250 presenciam
647 4165 842 4250 'prefigendo
866 4163 914 4234 eis
937 4165 1091 4244 terminos
1115 4181 1210 4246 quam
1233 4161 1405 4247 plurimos3

291 4269 418 4338 demum
441 4273 474 4338 in
497 4275 622 4341 octaris
644 4271 738 4340 Beati
761 4273 938 4341 Michaelis.
984 4270 1187 4340 Adueniente
1210 4269 1321 4353 itaque
1344 4275 1406 4336 ter-

291 4377 377 4446 mino
409 4379 604 4448 Benedictus
628 4387 661 4446 et
684 4381 773 4448 Vsun
804 4381 973 4468 presencie
1006 4387 1116 4448 nostre
1148 4385 1407 4464 comparuerunt,

292 4485 351 4550 sed
382 4488 513 4552 Pounan
546 4488 647 4555 frater
678 4507 787 4556 eorum
821 4489 1027 4559 coutumacia
1059 4490 1175 4574 plenus
1197 4487 1308 4554 uenire
1331 4505 1407 4554 con·

291 4591 440 4678 tempsit,
462 4613 522 4660 nec
545 4593 629 4665 filios
653 4615 730 4664 suos
753 4595 860 4678 misit,
893 4617 930 4666 se
953 4595 1108 4664 simulans
1132 4615 1204 4666 esse
1227 4593 1407 4684 infirmum,
