3214 5066
638 293 797 400 Aa..

158 484 334 558 diocesano
351 498 384 558 et
398 491 501 578 ipsius
525 491 679 560 vicesime
705 491 929 559 collectoribus
956 491 1125 579 eligendis,
1158 499 1190 559 ct
1212 453 1270 580 per

157 614 273 664 manus
303 600 454 686 ipsorum,
471 601 512 666 de
529 599 727 668 couscientia
743 609 853 668 tamen
874 599 1066 685 Cardinalis,
1091 600 1146 684 qui
1173 599 1269 668 fucrit
1319 595 1321 599 ’
1372 667 1374 672 .

155 701 201 768 ibi
226 706 381 791 Legatos,
408 707 624 776 discribuatur
649 706 786 776 fideliter
810 719 843 775 et
856 708 1005 776 discreto
1037 709 1269 795 crucesignatis

157 814 339 897 egentibus,
357 824 389 882 11
404 817 536 882 utilibus
552 817 682 902 negotio
698 826 787 885 terre
798 823 920 896 sancte,
932 825 964 884 et
973 819 1142 904 presertim
1161 815 1202 885 de
1212 819 1271 884 illa

157 921 300 1007 Dioccsi,
319 925 374 992 ubi
390 923 545 992 vicesima
563 925 620 991 illa
636 925 776 992 collecta
791 927 906 1010 iuerat,
923 924 1088 992 oriundis:
1110 925 1270 1014 iidemque

156 1019 379 1102 distribuisses
402 1033 466 1119 ipsi
493 1033 628 1118 Legata
653 1040 686 1100 et
702 1035 869 1120 Magistris
895 1033 1077 1121 Hospitalis
1094 1041 1127 1100 et
1140 1033 1270 1119 Templi

155 1137 293 1204 reddant
309 1141 557 1226 diligentissime
573 1143 741 1226 rationem,
758 1163 818 1230 per
835 1163 932 1228 quam
958 1143 1125 1210 redactam
1141 1143 1176 1207 in
1191 1143 1268 1210 scri-

154 1247 219 1330 ptis
234 1253 396 1334 appareat
412 1249 588 1334 evidenter,
605 1252 788 1336 pecuniam,
805 1271 911 1336 quam,
928 1257 962 1317 ut
990 1253 1182 1338 premissum
1207 1255 1267 1336 est,

154 1355 213 1420 sub
230 1347 501 1424 testimonialibus
525 1359 643 1425 litteris
658 1379 767 1425 secum
781 1359 957 1445 attulerint,
975 1379 1049 1426 esse
1065 1359 1267 1444 crucesigua

143 1461 194 1528 tis
210 1461 349 1531 fideliter
365 1472 398 1530 11
413 1467 533 1532 utiliter
557 1467 784 1538 distributam:
811 1477 843 1536 ct
867 1477 933 1534 tam
952 1469 1189 1536 testimoniales
1214 1467 1265 1536 lit·

152 1565 220 1637 1111
238 1590 336 1658 super
351 1573 532 1658 quantitate
549 1573 685 1660 pecunie
713 1575 883 1642 commisse
900 1573 1159 1642 distributoribus
1175 1575 1265 1664 ipsis,

152 1697 249 1761 quam
266 1680 426 1764 scriptura
441 1679 611 1766 ratiocinii,
629 1672 715 1766 quod
732 1683 895 1750 (lardiuali
922 1687 953 1750 et
978 1683 1143 1768 blagistris
1159 1681 1265 1750 reddi·

152 1788 259 1853 derint
274 1787 458 1874 antedictis,
475 1788 725 1874 diligentissime
736 1795 974 1868 conserventur,
990 1797 1024 1855 ut
1041 1797 1074 1856 11
1089 1789 1265 1876 eorundem

152 1895 395 1965 distributorum
411 1897 491 1966 fides
508 1907 541 1964 et
557 1899 725 1985 diligentia
752 1901 879 1967 illarum
908 1901 1092 1968 testimonio
1116 1903 1263 1987 patescit,

151 2013 181 2072 ct
197 1999 446 2093 suspiciosorum
464 2009 696 2092 conquiescant
720 2017 855 2094 mentes,
874 2015 906 2075 et
921 2009 1010 2079 labia
1035 2010 1263 2084 conticescant.

109 2195 116 2208 Ι
151 2112 312 2192 Quocirca
328 2117 523 2186 fraternitati
533 2125 641 2196 vestre
657 2139 715 2206 per
731 2119 920 2204 Apostolica
932 2119 1051 2206 scripta
1063 2118 1264 2202 mandamns,
1295 2108 1303 2129 ⁵

151 2223 302 2306 quatinus
320 2224 380 2291 1111
397 2227 606 2312 solempniter
635 2247 693 2312 per
717 2236 844 2295 restrae
871 2228 1028 2296 Dioceses
1052 2221 1264 2315 publicantes,

149 2329 374 2400 difficultatem
390 2353 448 2401 seu
474 2327 597 2404 moram
624 2336 769 2421 aliquam
797 2337 980 2404 nullatcnus
1006 2335 1187 2420 innectatis,
1212 2335 1265 2402 vel

150 2439 346 2524 permittatis
363 2443 494 2526 innecti,
510 2443 586 2526 quin
602 2452 669 2512 tam
685 2445 834 2530 collectio
851 2445 1005 2514 vicesime
1031 2465 1089 2534 per
1114 2463 1181 2529 cos,
1208 2443 1263 2526 qui

150 2545 193 2612 ad
209 2548 308 2616 hoca
332 2549 416 2618 boue
440 2552 592 2621 memorie
619 2554 809 2620 Innocentio
834 2555 926 2640 Papa
951 2555 1183 2640 predecessore
1207 2571 1262 2618 uo·

148 2661 214 2722 stro
231 2657 368 2744 luerunt,
384 2661 438 2726 rel
452 2681 473 2728 a
488 2661 582 2728 nobis
598 2661 718 2729 fuerint
734 2661 889 2748 deputati,
906 2663 976 2730 sine
1003 2663 1119 2728 fraude
1142 2681 1183 2727 ac
1208 2678 1277 2724 ex·-

102 2840 106 2856 .
126 2778 131 2788 ’
148 2765 526 2856 pensarumdiscrimioe,
541 2779 636 2856 prout
652 2769 696 2836 ad
712 2790 768 2837 eos
784 2771 943 2856 pertinet;
961 2789 1057 2854 quam
1075 2771 1149 2855 alia,
1166 2773 1262 2857 prout

148 2876 300 2960 superius
325 2883 400 2942 sunt
415 2879 591 2964 descripta,
611 2877 787 2946 efficaciter
811 2881 944 2948 valeant
969 2871 1152 2948 executioni
1173 2897 1261 2946 mau-

147 2981 225 3047 dari.
245 2982 333 3049 Sane
349 2987 519 3070 pecuniam
538 2987 711 3052 collectam
727 2995 761 3054 et
778 2987 992 3073 colligendam
1009 2989 1043 3056 in
1066 2989 1187 3054 truncis
1202 3005 1261 3072 per

146 3090 369 3158 distributores
385 3094 549 3180 predictos
565 3093 713 3162 distribui
728 3096 875 3162 volumus
906 3104 939 3164 et
962 3098 1153 3170 mandamus
1177 3095 1261 3162 inter

146 3199 391 3283 crucesignatos
409 3208 557 3268 strenuos
574 3209 607 3268 et
621 3203 798 3289 prudentes
814 3203 855 3274 dc
870 3206 990 3290 populo
1007 3205 1072 3290 illc,
1090 3203 1145 3268 ubi
1161 3201 1259 3269 luerit

146 3309 286 3392 pecunia
303 3309 377 3396 ipsa
401 3310 548 3394 collecta,
574 3313 691 3394 quibus
717 3310 760 3378 ad
784 3311 1004 3396 peragendum
1035 3315 1144 3376 votum
1168 3329 1260 3376 suum
1321 3317 1322 3321 ’

145 3415 273 3500 proprie
289 3417 542 3504 non'suppetuut
571 3421 767 3486 facultates:
786 3440 847 3503 quo
873 3427 1006 3506 recepta
1032 3419 1091 3485 sub
1111 3417 1258 3485 testimo-

145 3527 198 3593 nio
214 3509 355 3593 virorum
370 3525 511 3594 fidelium
528 3527 760 3613 crucesignatis
777 3527 859 3612 ipsis
884 3527 1098 3595 distribuatur
1114 3531 1258 3614 tempore

144 3635 323 3721 arripiendi
335 3637 472 3721 itineris,
490 3638 544 3704 rel
560 3639 594 3704 in
609 3645 713 3722 portu,
723 3646 817 3725 prout
832 3638 993 3706 ridebitur
1008 3637 1162 3722 expedire
1176 3635 1258 3724 ipsis

144 3739 415 3831 distributoribns,
431 3746 592 3814 rationem
608 3749 648 3814 111
665 3748 733 3833 illa,
750 3747 835 3814 sicut
850 3745 891 3812 de
911 3747 988 3832 alia,
1013 3747 1046 3814 11
1070 3745 1198 3834 scriptis
1222 3741 1256 3810 ti-

143 3849 261 3918 daliter
275 3853 455 3938 reddituris.
464 3855 585 3922 Datum
600 3856 754 3924 Laterani
765 3857 807 3922 II.
823 3857 898 3922 Kal.
914 3856 1032 3926 Martii.
1048 3839 1257 3924 Pontificatns

144 3961 248 4028 111111
264 3980 350 4027 auno
365 3962 479 4046 primo.

249 4069 289 4134 In
304 4089 332 4134 e.
349 4089 390 4133 m.
408 4069 562 4153 scriptum
574 4069 888 4158 estArchiepisoopo
904 4070 1073 4140 colocensi
1088 4077 1121 4136 et
1136 4069 1255 4138 Suffra-
1386 4098 1389 4106 ·

142 4177 257 4262 ganeis
273 4176 357 4262 eius,
375 4184 408 4243 et
423 4176 606 4245 Abbatibus
623 4182 782 4266 exemptis
794 4179 855 4266 'per
871 4179 1049 4266 ngariam
1065 4179 1254 4262 constitutis,

143 4291 175 4352 et
199 4286 348 4353 omnibus
363 4285 571 4372 Patriarclris,
586 4288 856 4376 Archiepisccpis,
873 4289 1048 4375 Episcopis
1072 4294 1132 4354 etc.

143 4425 205 4496 (llL
224 4425 371 4483 Honorius
389 4425 465 4500 pdpa
483 4426 678 4500 Regssttibtl,
697 4429 811 4501 melyelr
829 4429 978 4486 Rdmdban
998 4449 1015 4486 a
1034 4427 1148 4486 Vatiani
1166 4427 1254 4486 leuel·

141 4514 428 4587 samaritanorum,
449 4519 526 4574 kozli
545 4521 669 4576 Theiner
687 4501 817 4592 dgoston
835 4521 942 4578 Vetera
964 4521 1148 4577 Monumenta
1165 4519 1250 4577 histo·

241 4609 303 4664 rica
321 4608 498 4682 Hungsrism
518 4607 632 4666 Sacram
655 4607 837 4676 illustrantia,
856 4611 946 4668 Rdma
966 4610 1043 4692 1819.
1062 4613 1086 4666 6.
1107 4610 1150 4696 1,)1.
