3214 5072
696 347 737 416 91

636 443 788 458 Μ

153 553 259 617 stuntc
275 556 349 636 post
365 545 493 614 Pascha
509 565 594 613 anno
606 547 649 612 ab
659 545 887 612 incarnatione
902 547 1034 614 Domini
1049 549 1104 614 to.
1121 549 1198 616 00⁰.
1215 549 1268 635 1⁰„

121 705 124 709 -
153 660 193 726 ad
217 675 313 741 quem
338 653 506 722 terminum
531 661 667 736 utraque
692 671 779 736 pars,
806 653 958 720 videlicet
982 655 1125 740 quinque
1150 654 1267 724 fratres
1375 671 1378 676 ·

154 764 298 849 predicti,
323 769 357 830 et
381 762 552 830 uduornici
577 761 619 828 de
644 761 767 828 Uosian
793 761 828 827 in
843 763 1009 848 presentia
1025 763 1166 832 Abbatis
1189 757 1283 832 iudi-⁴

154 871 199 936 cis
214 890 328 938 omnes
346 871 473 936 insimul
490 877 760 956 comparaverunt
775 865 879 956 (tgy);
905 876 937 936 et
961 871 1082 938 ibidem
1102 873 1270 940 uduoruioi

154 979 271 1063 prelati
285 980 314 1046 V
329 979 448 1046 fratres
463 978 538 1045 illos
553 978 594 1046 de
609 977 767 1044 societate
793 997 905 1044 corun
922 997 1004 1062 esse,
1022 979 1075 1046 vcl
1092 979 1202 1057 luisse,
1218 981 1270 1048 vel

154 1086 263 1170 aliquo
279 1085 418 1152 seruicio
436 1104 507 1152 cum
518 1085 567 1152 cis
582 1084 721 1168 astringi
732 1104 841 1151 coram
852 1085 984 1152 Abbate
993 1087 1206 1154 communiter
1216 1107 1270 1155 uc·
1286 1081 1290 1088 ’

152 1201 310 1281 gauerunt
320 1199 354 1260 et
370 1211 478 1260 coram
494 1190 724 1276 iobagiouibus
741 1193 796 1278 qui
811 1193 1033 1280 interfuerunt,
1050 1214 1185 1279 quorum
1208 1196 1270 1266 hee

152 1302 380 1371 suntuomina:
397 1298 704 1383 Johannes,'00nes
716 1301 785 1384 Cib,
797 1305 871 1366 tunc
882 1303 1035 1388 temporis
1046 1304 1152 1370 factus
1163 1323 1271 1371 comes

152 1411 293 1494 curialis,
319 1409 434 1476 Comes
451 1409 587 1492 Vnosos,
614 1407 799 1492 prestaldus
825 1409 960 1475 Alexius
988 1408 1074 1476 lilius
1102 1410 1213 1497 Gudc;
1238 1418 1271 1478 et

153 1517 240 1586 idem
256 1523 397 1602 quatuor
412 1512 509 1586 huius
525 1516 573 1582 rei
588 1521 688 1582 testes
705 1517 920 1602 assignantur.
945 1518 1040 1596 Quod
1056 1537 1098 1583 ue
1113 1520 1272 1605 potuisset

155 1627 292 1699 alicuius
308 1624 505 1711 proteruitas
521 1623 705 1709 iufringere,
723 1625 846 1708 placuit
861 1625 1043 1694 itaAbbati
1060 1632 1093 1692 ct
1108 1627 1270 1710 fratribus,

155 1735 229 1800 illos
261 1735 290 1801 V
321 1733 440 1800 iratres
470 1731 674 1818 cyrographo
709 1737 742 1798 ct
772 1732 881 1818 sigillo
907 1732 1054 1822 Ecclesie
1087 1735 1271 1819 premuniti.
1310 1711 1333 1751 X

157 1843 312 1908 Notarius
328 1839 389 1906 luit
403 1839 557 1922 magister
568 1837 674 1906 Vuido
690 1837 845 1924 decanus,
855 1839 1051 1906 Benedictus
1063 1846 1179 1927 custos,
1192 1842 1270 1911 Gre·
1317 1754 1347 1924 >

155 1950 264 2034 gorius
280 1947 491 2036 hospitalaris
507 1947 674 2033 magister,
690 1948 804 2016 Abbas
820 1949 988 2036 Martinus.

300 2141 444 2215 (Eredetie
463 2159 480 2198 s
499 2143 702 2201 suentmlrtoni
721 2120 873 2217 ldapdtsdg
890 2138 1109 2216 leveltdrdban).
1158 2193 1161 2198 .

684 2667 739 2736 5⁰.

159 2852 236 2917 Imre
258 2849 368 2937 kirutp
400 2851 523 2933 Jooost,
555 2849 737 2936 Erddlyrrek
769 2848 854 2914 clusa
886 2845 1020 2930 labuerit,
1052 2846 1268 2934 mequeroeslto'.

656 2958 753 3022 1204.

259 3135 444 3204 Hemiricus
467 3136 531 3202 Dei
555 3135 669 3222 gracia
693 3135 870 3222 Raugonia
895 3133 1075 3219 Dalmacie,
1103 3132 1269 3214 Chroacie,

155 3243 263 3328 lame,
281 3245 548 3328 servieqrcuex
568 3244 601 3309 in
627 3251 830 3330 perpetuum.
853 3243 981 3322 Quanto
1006 3242 1154 3328 pluribus
1178 3239 1267 3308 inno·

154 3353 248 3417 tescit
263 3351 368 3419 forma
385 3351 584 3420 excmcionis
600 3353 654 3418 uel
670 3359 866 3435 contractus,
882 3371 921 3418 eo
946 3352 1034 3433 quod
1059 3348 1102 3414 ab
1127 3349 1268 3430 humana

154 3459 276 3526 tardius
302 3466 476 3528 euanescat
505 3459 669 3544 memoria,
691 3459 826 3529 'maioris
851 3459 975 3526 roboris
1000 3456 1169 3544 percipere
1196 3477 1267 3523 con-

153 3570 258 3636 sueuit
273 3571 519 3647 incrementum.
536 3571 620 3636 Hinc
637 3575 696 3654 est,
714 3569 801 3651 quod
817 3567 859 3634 ad
875 3567 1098 3635 uniuersorum
1115 3571 1182 3632 tam
1197 3586 1267 3652 pre-

153 3677 296 3746 sencium
314 3695 411 3761 quam
427 3678 605 3744 futurorum
623 3677 777 3743 noticiam
803 3675 951 3742 uolumus
976 3676 1155 3761 peruenire,
1183 3673 1269 3758 quod

153 3786 336 3854 Johanncm
367 3785 521 3850 Latinum
546 3787 629 3851 inter
653 3784 871 3853 Tbcutouioos
902 3783 1209 3874 lransiluauienses
1236 3785 1270 3850 in

151 3895 231 3961 uilla
256 3893 384 3959 Riuetel
409 3899 659 3959 commorantem
688 3899 819 3979 propter
844 3893 1016 3960 scruioium
1041 3912 1153 3978 saum,
1180 3892 1267 3974 quod

152 4002 246 4068 nobis
264 4000 434 4066 multocies
444 3999 563 4084 intulit,
573 4021 643 4066 cum
657 4007 725 4066 tota
734 3997 889 4068 heredum
905 4019 1035 4066 suorum
1051 4001 1269 4085 successione,

152 4107 297 4177 exomni
313 4107 417 4174 officio
440 4105 657 4193 predictorum
683 4106 952 4174 Theutonicorum
970 4114 1001 4173 et
1017 4109 1120 4174 eciam
1136 4105 1270 4176 aliorum

153 4215 267 4284 talium
283 4215 389 4299 Regia
406 4215 609 4320 benignitate
626 4215 847 4299 exemimus,c
829 4217 945 4282 ettali
970 4213 1120 4280 libertate
1137 4215 1270 4282 douaui·
1313 4231 1321 4290 ἱ,

150 4345 234 4393 mus:
253 4323 299 4392 Ut
314 4321 404 4390 tam
396 4343 466 4409 ipse
483 4343 579 4408 quam
597 4323 699 4410 ipsius
715 4321 877 4391 heredes
869 4344 903 4389 ιιι
919 4323 997 4390 aula
1012 4321 1119 4408 Regia
1134 4323 1270 4392 liberam
1313 4315 1322 4391 l

152 4432 298 4504 babeant
313 4431 529 4499 conuersandi
539 4431 737 4515 facultatem,
754 4449 814 4496 uec
830 4431 864 4497 iu
879 4431 989 4514 aliquo
1001 4430 1100 4496 alicui
1116 4431 1156 4498 de
1172 4396 1320 4545 ι’ξοίιιιι

154 4540 218 4607 suis
234 4541 288 4607 uel
305 4538 565 4626 possessionibus
581 4538 670 4604 tam
662 4559 696 4602 ru
711 4536 866 4619 domibus,
893 4557 990 4620 quam
1016 4538 1048 4602 in
1075 4537 1160 4624 aliis,
1188 4514 1316 4640 quas{

153 4669 254 4744 usque
282 4645 377 4720 modo
401 4645 558 4742 aquisiuit
583 4647 637 4724 uel
661 4645 768 4722 adhuc
792 4645 941 4735 aquirere
967 4647 1096 4737 poterit,
1122 4649 1269 4716 exaccio-
