3214 5072
787 221 940 364 „m

311 456 425 526 eodem
439 459 624 543 postulante
649 461 682 522 el
706 455 963 543 approbantibus
989 459 1276 545 compositoribus;
1299 459 1427 546 plsouit
1494 527 1495 530 ,

309 565 447 634 aduerse
471 565 567 648 parti,
584 571 620 632 ut
635 583 746 632 eorum
762 573 979 652 sacramento,
996 567 1025 632 si
1041 567 1103 634 hoo
1116 560 1181 652 ipsi
1196 565 1427 650 intimarentur,

308 679 398 751 esset
421 678 600 740 contentus.
625 673 746 740 Verum
761 673 912 758 qnoniam
929 674 1032 742 omnis
1048 657 1121 741 etas
1137 675 1178 740 ab
1196 665 1428 743 adolesoenoin

308 785 341 848 in
357 781 476 861 malurn
490 800 595 865 prona
612 789 670 865 est,
698 791 730 850 et
754 786 798 852 ad
824 783 1090 852 dissenoiendum
1114 790 1232 850 nature
1257 783 1427 872 proelinis,

309 897 343 957 et
355 891 543 974 plerunque.
561 907 641 972 quos
657 888 749 956 amor
765 892 892 959 uirtutis
909 914 930 960 a
954 892 1039 958 rnalo
1067 913 1131 958 non
1156 894 1298 972 renouat,
1329 893 1427 958 timor

308 1015 393 1084 pene
409 997 591 1082 eoheroeet,
608 997 927 1068 adeorroborenrlum
945 1001 1138 1086 supradicta
1162 1005 1273 1086 partes
1298 1001 1428 1068 adiuui-

309 1091 380 1172 oem
396 1103 458 1172 sibi
474 1105 628 1190 stipulate
638 1115 712 1174 sunt
727 1119 848 1193 penem
864 1109 890 1175 L
906 1127 1089 1177 marearum
1105 1109 1138 1174 in
1149 1115 1427 1192 transgressorem

309 1213 583 1282 committendam.
609 1216 756 1284 'l'undem
781 1238 857 1284 uero
874 1218 926 1284 (lie
939 1218 1063 1286 'statuto
1080 1216 1193 1284 Abbas
1210 1217 1324 1284 Saneii
1339 1217 1426 1283 llar-

242 1317 244 1329 '
309 1321 367 1388 tini
383 1323 575 1388 constitutus
591 1324 625 1388 in
640 1327 813 1412 presencia
828 1333 949 1410 nostra,
969 1326 1011 1392 de
1027 1347 1088 1394 sua
1104 1325 1235 1392 iustieia
1250 1323 1425 1410 plurimum

310 1429 449 1498 oonlisus
464 1452 529 1498 non
545 1439 669 1500 tentum
697 1433 842 1502 delatum
867 1436 931 1502 sibi
956 1445 1193 1503 sacramentum
1217 1455 1281 1500 nou
1305 1435 1427 1516 retulit,

310 1558 421 1605 nerum
438 1540 519 1610 illud
534 1544 751 1628 personaliter
766 1546 909 1632 prestitit
926 1564 997 1610 oum
1013 1565 1049 1612 se
1075 1551 1178 1610 sexto.
1202 1543 1255 1608 Ad
1280 1542 1427 1609 nomine-

246 1729 251 1738 *
310 1649 431 1716 tionem
446 1669 523 1716 uero
539 1658 572 1716 et
595 1653 786 1719 oleetionem
809 1655 949 1721 Abbatis
973 1653 1190 1740 Symigiensis
1214 1659 1282 1716 tres
1304 1651 1427 1735 jovba·

309 1755 422 1838 giones
448 1761 634 1828 monasterii
664 1761 759 1829 Beeti
789 1761 920 1829 Martini
951 1759 1200 1831 decimationem
1232 1759 1317 1824 diote
1348 1758 1428 1824 ville

296 1865 450 1938 ¹Szobodi
465 1865 545 1934 iuris
561 1869 708 1937 Eoelesie
724 1869 819 1935 Beati
836 1869 966 1934 Martini
982 1883 1056 1936 esse
1067 1867 1202 1953 prestito
1220 1869 1426 1932 seeremento

310 1972 530 2042 lirmeuemut.
548 1976 691 2044 Predieti
706 1979 784 2044 uero
796 1978 1014 2063 joubugiones
1037 1977 1196 2042 Henrious
1221 1983 1254 2041 et
1268 1975 1427 2041 Nicolaus

312 2101 408 2169 super
423 2083 590 2166 premissis
614 2085 787 2169 diligenter
811 2086 1012 2170 interrogati,
1038 2086 1168 2151 omuino
1184 2082 1317 2150 infioiati
1342 2087 1428 2162 sunt,

312 2197 397 2258 etse
420 2191 520 2259 niolril
545 2211 584 2256 eo
611 2193 741 2260 nomine
766 2194 931 2278 recepisse
957 2193 989 2257 iu
1015 2199 1127 2258 nostra
1151 2190 1318 2277 presentie
1342 2192 1428 2256 iura-

287 2305 420 2364 ‘mento
444 2298 582 2391 prestito
608 2301 795 2368 docuerunt.
819 2303 862 2367 vt
887 2321 967 2384 ergo
990 2302 1051 2367 heo
1075 2302 1275 2387 inposterum
1298 2299 1429 2365 illibate

311 2413 535 2493 permaneant,
562 2405 606 2473 ad
633 2407 826 2494 peticionem
852 2411 1020 2492 utriusque
1045 2409 1159 2493 partis,
1184 2427 1244 2473 neo
1268 2425 1332 2472 non
1356 2425 1427 2489 pro-

313 2513 412 2582 staldi
427 2514 557 2596 nomine
574 2515 727 2582 (lemusii
743 2516 786 2583 ad
801 2517 861 2584 hoo
877 2517 1065 2602 specialiter
1074 2516 1231 2582 destinati
1241 2521 1427 2601 presentem

311 2623 467 2710 pagiuam
484 2612 692 2707 oonseoimus,
708 2630 742 2690 et
756 2624 857 2709 sigilli
874 2625 977 2690 nostri
992 2625 1167 2706 munimine
1192 2625 1428 2690 roboreuinrue.

313 2735 408 2798 Anno
424 2731 467 2806 ub
482 2731 709 2800 Incaruetione
726 2734 856 2798 Domini
874 2732 951 2796 lim.
968 2732 1068 2800 Olim.
1084 2731 1161 2797 Xm.
1186 2731 1357 2815 Regnente
1383 2731 1429 2796 ie·

312 2839 418 2907 liniter
432 2838 573 2926 glorioso
590 2838 823 2925 Hungarorum
839 2841 930 2925 Rege
946 2839 1099 2924 Andree;
1124 2840 1254 2908 domino
1277 2839 1429 2906 Johanne

315 2949 530 3034 Strigoniensi
556 2945 716 3014 Gathedre
748 2947 886 3014 feliciter
919 2949 1115 3033 presidente.
1154 2949 1318 3040 Bogesluo
1352 2945 1429 3012 We

225 3121 296 3142 „h
316 3057 427 3141 elensi,
444 3055 556 3124 Pethle
574 3055 756 3140 Geuriensi,
773 3056 904 3123 Keleno
935 3055 1275 3139 Quinqueeeolesiensi
1290 3055 1427 3142 Episoo-

314 3165 375 3250 pis.
399 3164 483 3232 Potlr
499 3162 623 3230 Oomite
640 3163 801 3247 Palatino,
818 3165 973 3232 Marcello
990 3165 1147 3250 Baohien,
1163 3165 1240 3231 lule
1255 3163 1428 3231 Budrioeu.

316 3273 503 3355 Cominius,
519 3272 676 3356 Magistro
691 3271 817 3339 Jaoobo
833 3273 969 3340 Leotore
981 3271 1205 3358 strigoniensi.
1222 3271 1351 3337 Vbaldo
1369 3272 1431 3338 Po·

315 3382 469 3466 seniensi,
496 3382 671 3458 Benedioto
688 3381 800 3448 Saneti
816 3381 938 3450 Thome
954 3381 1141 3467 Prepositis,
1160 3379 1330 3446 Domiuieo
1347 3380 1431 3446 Oan-

299 3501 394 3575 tore,
410 3490 574 3558 lliohaele
590 3489 742 3561 Custode.
766 3489 972 3576 Appollinari
998 3489 1163 3570 Nitrieusi‚
1190 3489 1335 3556 Pethone
1349 3489 1428 3555 Bor·
1560 3573 1565 3587 „

317 3597 417 3669 sieusi
431 3599 692 3682 Arohidiaeonis;
710 3599 883 3665 Sothomoz
898 3599 1042 3680 Destino,
1052 3597 1197 3676 liberto,
1214 3599 1321 3681 Ohise,
1339 3597 1429 3682 Wos,
1457 3583 1458 3587 ¹

317 3709 458 3790 loliano,
490 3704 627 3787 Sedeoh,
659 3705 804 3789 Curiano,
837 3705 1001 3786 Maroello,
1026 3707 1122 3774 Isaeo
1153 3703 1248 3780 sorti,
1286 3705 1427 3788 Ananis,

317 3813 512 3895 Alexandro,
529 3813 697 3895 Nioholao,
716 3813 852 3899 Filippo,
875 3815 1059 3897 Salomone,
1086 3812 1233 3880 Amantio
1250 3811 1428 3880 Oanonieis

319 3937 351 3992 et
366 3923 441 3992 aliis
456 3940 553 4007 quem
568 3919 723 4006 pluribus.
765 3935 771 3952 ¹
913 3925 916 3932 '

480 4098 622 4170 (Eredetie
636 4113 653 4152 a
667 4095 868 4154 szentmirtoui
882 4095 1031 4170 sispiteag
1053 4093 1271 4167 love'lttrtben).

759 4305 1003 4316 -ι--ι--ι-ι--ι-
