3214 5072
882 301 925 368 90

823 390 987 406 Ἢ

346 495 402 564 bot
428 468 604 566 Dominum¹
623 499 747 584 Regem
771 495 941 583 Hungarie
957 501 1023 568 sibi
1046 499 1231 583 contulisse,
1256 500 1466 568 attendentes

344 605 489 673 seruicia
504 606 607 692 ipsius
625 607 726 688 Luca,
743 604 837 672 nobis
854 606 996 690 exibuta,
1015 612 1049 675 et
1064 605 1236 688 exibenda,
1261 615 1297 674 ut
1321 609 1468 674 deterre

244 781 245 786 ,
343 715 415 799 ipse
432 714 623 782 omnimodis
639 734 703 780 nou
719 711 912 799 priuaretur,
930 715 1014 782 iuter
1025 719 1147 800 partes,
1163 713 1317 782 uidelioet
1333 718 1464 800 Luoam,

343 829 375 888 et
389 822 527 907 populos
545 819 648 886 dictos
667 818 872 885 lalkanarios
888 821 1030 887 mediate
1055 840 1114 886 nos
1140 821 1276 888 fecimus
1303 823 1464 908 ordinare,

344 934 379 996 ut
396 928 543 1015 quitquid
567 928 629 1013 ipsi
655 927 852 993 mediatores
878 927 961 993 inter
985 930 1075 1014 ipsos
1101 931 1332 1014 oulinauerint,
1357 937 1465 998 ratum

341 1043 375 1104 et
383 1038 505 1104 firmum
515 1021 637 1104 habere
648 1035 846 1119 temporibus
856 1035 975 1102 nostris
986 1041 1154 1102 leueautn.
1175 1035 1237 1114 Qui
1254 1038 1464 1124 mediatores,

342 1146 493 1238 videlieet
508 1146 624 1213 (lomes
642 1144 826 1229 Fareasius,
844 1141 963 1210 (lomes
989 1143 1132 1211 lacobus
1162 1153 1194 1211 et
1221 1147 1338 1212 comes
1363 1147 1464 1213 Geor-

340 1255 424 1337 gius,
447 1255 495 1320 sio
518 1253 810 1335 senteuoiaueruut,
835 1257 870 1317 ut
894 1252 1053 1318 sententie
1079 1250 1266 1320 sannionum
1291 1251 1367 1320 uille
1393 1247 1461 1339 ipsi

341 1362 454 1448 populi
484 1361 636 1447 habeant,
662 1361 732 1426 sine
758 1359 988 1444 impedimento
1005 1344 1165 1442 teneant,
1199 1369 1321 1428 terram
1352 1369 1463 1429 autem

340 1469 496 1536 arabilem
512 1471 625 1557 partiri
650 1467 801 1551 debeant,
828 1472 863 1532 ut
890 1467 1085 1534 mediatores
1110 1467 1312 1554 ordinarunt,
1339 1476 1372 1536 et
1396 1489 1463 1538 una

340 1597 417 1664 pars
433 1585 546 1678 eontra
562 1577 671 1662 eliam,
687 1577 792 1644 medio
812 1582 960 1659 tempore
990 1576 1094 1642 donee
1123 1581 1213 1642 terra
1247 1583 1279 1644 et
1310 1569 1460 1662 Regnum

341 1684 506 1772 Huugarie
537 1685 730 1769 coneordat,
762 1701 891 1752 mouere
927 1683 992 1749 litis
1030 1682 1232 1767 questionem
1254 1704 1317 1750 non
1343 1685 1465 1752 debeat·

337 1815 442 1880 neque
458 1795 570 1882 possit.
586 1795 706 1862 Datum
724 1791 806 1872 feria
835 1792 978 1860 secunda
1010 1793 1042 1859 in
1073 1791 1189 1880 uigilia
1221 1793 1323 1860 Beate
1353 1793 1462 1861 Mario

342 1903 549 1991 Magdaleue.

446 2157 556 2224 Jeqqaet.
567 2151 763 2224 Bdrhdrtydra
780 2151 848 2208 lrott
866 2151 928 2208 zero
945 2150 1030 2208 level.
1050 2149 1186 2206 Hdtirata
1204 2167 1256 2204 ez:
1275 2149 1458 2208 Memoriales

340 2259 393 2315 pro
412 2242 492 2298 Luca
510 2246 610 2302 contra
628 2241 748 2314 populos
766 2242 859 2296 dictos
877 2239 1074 2296 Falcouarios.

273 2419 275 2426 ,
417 2365 558 2512 Εῌιείιιε
575 2363 687 2426 florian
705 2365 803 2425 letrau
821 2382 856 2424 aa
880 2366 990 2422 Amade
1008 2366 1112 2438 grofok
1130 2365 1276 2424 osalokiizi
1308 2362 1461 2424 leuditard·

339 2457 399 2516 bdl.
443 2459 511 2528 rulo).

772 2735 1039 2755 μ-ι-ι--θ--ιιιυ-

872 3003 928 3068 lu.

337 3201 441 3268 Jonas
461 3199 678 3267 rememorant
700 3201 779 3285 aptit
805 3201 960 3285 voroanyi
990 3197 1192 3262 odoarnolroi
1223 3196 1359 3283 ttqyeben
1393 3195 1458 3263 itel.

850 3308 948 3372 1201.

444 3509 482 3575 In
512 3505 642 3572 nomine
659 3505 811 3590 Sanctae,
828 3512 860 3570 et
881 3503 1073 3571 Indiuiduae
1096 3503 1275 3572 Trinitatis.
1291 3489 1369 3583 ¹Quo
1403 3523 1458 3588 ge·

340 3623 452 3682 runtur
467 3615 671 3700 intempore,
689 3633 730 3681 ne
746 3615 898 3680 labantur
917 3631 1073 3698 processu
1091 3615 1254 3699 temporis,
1272 3621 1305 3680 et
1329 3633 1457 3700 nepos,

319 3725 380 3789 ¹sit
409 3723 443 3788 in
473 3725 612 3808 posteris
640 3722 761 3808 apponi
787 3721 968 3814 xcalumnia,
1001 3722 1167 3789 literarum
1202 3721 1373 3807 appioibus
1405 3741 1457 3789 ao·

339 3829 523 3896 testimonio
538 3830 645 3895 solent
660 3827 876 3913 perhemnari.
902 3827 1016 3895 Sciant
1041 3847 1118 3912 ergo
1143 3835 1311 3913 presentes
1336 3849 1376 3894 ao
1401 3849 1458 3915 po·

232 3991 236 4001 ,
291 4005 304 4013 ,,
338 3937 426 4018 steri,
444 3936 531 4020 quod
553 3941 698 4020 tempore
722 3933 885 4002 Johannis
910 3935 1046 4004 Abbatis
1070 3935 1240 4002 uduorniei
1267 3936 1307 4003 de
1333 3933 1460 4003 Uosian

341 4040 526 4132 (Versany)
556 4042 637 4110 istos
662 4043 690 4108 V
717 4041 833 4108 fratres
871 4043 1017 4126 Paulum,
1049 4042 1191 4126 Euohoa,
1224 4043 1316 4128 Cese,
1351 4043 1458 4110 Ellam

336 4155 435 4240 Soiga
450 4154 483 4220 iu
503 4150 669 4237 presentia
695 4150 834 4218 Abbatls
859 4156 892 4218 et
917 4171 1016 4236 super
1042 4151 1093 4218 his
1119 4151 1344 4236 impetierunt,
1371 4153 1460 4234 quod

337 4261 377 4329 de
393 4263 551 4330 societate
568 4280 676 4327 eorum
692 4255 898 4352 interessent,
916 4267 949 4324 et
966 4261 1080 4326 eodem
1108 4259 1231 4344 debito,
1259 4279 1321 4343 quo
1348 4261 1460 4327 Eoole-

336 4370 384 4436 sie
402 4369 513 4436 Sanoti
532 4365 663 4434 Martini
675 4367 796 4434 seruire
812 4365 1018 4448 tenebantur,
1035 4365 1084 4432 illi
1101 4367 1252 4434 similiter
1262 4373 1459 4435 tenerentur.

336 4475 410 4541 Hoe
426 4475 536 4542 audito
553 4474 664 4542 Abbas
680 4473 728 4540 vir
744 4473 906 4539 discretus
922 4474 1093 4538 terminum
1112 4473 1308 4540 disoutioudi
1325 4493 1460 4542 oausam

337 4586 433 4654 istam
452 4585 581 4672 utrique
597 4581 683 4673 parti
707 4585 829 4658 eertum
854 4579 1012 4678 praefixit,
1041 4579 1094 4652 die
1118 4581 1209 4656 iouis
1235 4582 1389 4650 videlieet
1413 4583 1461 4649 in-
