3222 5054
676 369 818 468 „Q

181 563 326 653 capitula
341 562 465 648 scripta
480 563 512 628 in
529 563 762 650 compositione
779 563 918 652 prelata,
930 565 964 632 in
979 565 1043 638 hiis
1062 571 1223 662 videlieet,
1240 600 1302 662 que

180 694 242 742 uos
257 677 396 757 tangunt
410 671 462 737 vcl
480 676 624 756 tangent,
646 679 678 738 et
696 673 854 741 faciemus
871 695 892 740 a
909 675 1030 742 uostris
1047 679 1185 752 subditis
1202 685 1304 754 invio-

180 783 325 850 labiliter
341 779 520 848 observari.
536 781 575 845 In
591 779 654 848 biis
671 799 757 865 vero,
774 800 837 864 que
853 786 993 868 tangunt
1009 785 1061 851 vel
1077 791 1215 872 tangent
1230 813 1303 877 pre-

181 891 284 958 latum
299 895 426 974 patrem
443 894 599 972 nostrum,
616 887 765 956 dabimus
783 910 917 974 operam
934 893 1092 977 studiose,
1109 899 1255 982 rogando
1272 909 1306 966 et

182 997 383 1066 consulendo
399 995 584 1081 bonafide,
612 998 683 1064 sine
709 1000 777 1064 ulle
796 999 990 1084 dolositate,
1016 1010 1051 1068 ut
1066 1005 1176 1070 omnia
1192 1014 1225 1072 et
1241 1009 1306 1076 sin-

180 1111 260 1194 gula
275 1105 421 1192 capitula
437 1105 524 1172 dicte
541 1106 783 1192 compositionis
799 1105 872 1193 ipse
888 1108 1023 1193 impleat
1036 1112 1167 1196 penitus
1193 1123 1230 1181 et
1251 1103 1305 1182 ob-

182 1224 302 1284 servet.
319 1217 473 1300 eumque,
491 1212 563 1282 Deo
580 1213 746 1302 propicio,
764 1217 881 1284 erimus
898 1217 932 1284 in
948 1217 1032 1284 solio
1048 1219 1159 1287 debite
1175 1241 1305 1290 sueces-

182 1326 285 1392 sionis
300 1323 403 1409 Regio
419 1323 621 1406 Maiestatis,
648 1343 850 1409 quecumque
875 1345 936 1392 nos
952 1327 1090 1412 tangent
1104 1329 1145 1396 de
1161 1329 1309 1416 predicta

183 1433 436 1518 compositione,
462 1433 515 1499 vel
540 1431 582 1498 de
608 1432 892 1518 contingentibus,
918 1452 958 1500 ea
983 1435 1017 1500 in
1035 1437 1185 1504 omnibus
1202 1447 1235 1506 et
1250 1458 1308 1526 per

183 1543 294 1608 omnia
304 1541 518 1628 implebimus,
537 1545 570 1608 et
585 1539 833 1609 observabimus
848 1551 968 1610 cuncta
982 1543 1113 1628 penitus
1129 1545 1217 1614 bona
1233 1547 1307 1632 lide,

185 1657 219 1717 et
233 1650 390 1718 iaciemus
407 1670 428 1717 a
444 1649 569 1716 eunctis
589 1649 709 1715 nostris
735 1647 876 1716 subditis
893 1669 934 1716 ea
949 1653 1142 1735 quelibet-in
1158 1655 1309 1722 omnibus

184 1759 355 1833 observari
370 1759 520 1842 fideliter,
536 1777 597 1824 nec
613 1776 712 1844 super
728 1757 882 1844 predictis
899 1759 952 1825 vel
968 1761 1078 1843 aliquo
1090 1759 1307 1847 predictorum

183 1869 332 1938 fraudem
348 1887 408 1935 seu
423 1866 698 1935 machinationem
721 1867 866 1952 aliquam
892 1869 1147 1953 committemus,
1173 1869 1235 1955 velj
1251 1891 1309 1957 per
1414 1887 1417 1892 ·

184 1979 326 2062 aliquem
342 1976 396 2044 vel
411 1976 454 2042 ab
469 1975 579 2059 aliquo
596 1975 764 2061 iaciemus,
785 1976 839 2041 vel
854 1975 1015 2061 patiemur
1029 1977 1095 2044 ullo
1110 1975 1208 2044 modo
1224 1997 1309 2044 com-

185 2087 287 2153 mitti:
321 2085 398 2170 quin
415 2085 525 2153 omnia
541 2090 575 2151 ct
590 2085 720 2170 singula
735 2104 794 2170 per
809 2103 870 2152 nos
886 2091 919 2152 et
933 2093 1062 2153 nostros
1079 2092 1233 2154 maneant
1248 2087 1308 2153 illi-

186 2198 284 2283 bata,
310 2203 343 2262 et
360 2196 551 2280 incorrupta
567 2194 815 2279 omnitempore
835 2195 1057 2263 observentur.
1089 2197 1242 2263 Preterea
1259 2197 1310 2282 jo·

185 2305 343 2388 bagienes
360 2309 487 2371 nostros
496 2353 505 2387 ,
532 2302 586 2387 qui
601 2309 677 2368 tnnc
694 2302 831 2368 aderant
840 2351 849 2387 ,
875 2303 983 2369 iurare
999 2303 1133 2371 lecimus
1142 2352 1152 2386 ,
1178 2304 1262 2371 sicut
1277 2306 1310 2370 in

185 2411 283 2480 iactis
308 2411 384 2478 inde
408 2411 527 2479 litteris
547 2411 736 2478 continetur.
753 2411 822 2478 Ista
838 2419 871 2479 et
887 2413 994 2478 omnia
1010 2413 1200 2500 supradicta
1216 2411 1309 2480 iussi-

186 2539 257 2587 mus
272 2521 377 2589 nostri
393 2519 567 2606 pendentis
584 2517 686 2603 sigilli
701 2519 876 2585 munimine
901 2521 1056 2587 roborari.
1089 2521 1205 2588 Actum
1231 2527 1311 2606 aput

187 2629 311 2696 Silvam
326 2631 466 2716 Bereyg,
483 2629 735 2710 Pousblagistro
746 2627 1010 2696 'lawarnicorum
1028 2637 1221 2712 nostrorum,
1232 2621 1309 2694 Dio·

186 2739 270 2804 nisio
287 2735 466 2805 Volauoda
477 2786 486 2822 ,
511 2735 650 2804 Matthia
666 2737 837 2821 Prepesito
861 2740 936 2804 aule
960 2746 1070 2804 nostre
1095 2736 1312 2818 (lancellario,

187 2847 279 2916 Luca
303 2849 395 2915 Bane
420 2845 461 2911 de
487 2846 623 2913 Scevrin
633 2895 642 2929 ,
669 2853 702 2911 et
716 2845 829 2912 multis
845 2847 921 2912 aliis
936 2845 1043 2930 Regni
1059 2845 1223 2912 nobilibus
1240 2833 1311 2930 pre-

187 2957 345 3043 sentibus,
361 2959 424 3025 sub
440 2975 527 3025 anno
545 2955 674 3022 Domini
690 2954 862 3022 millesimo
878 2953 1100 3020 ducentesimo
1112 2947 1311 3040 (trigesimo)

187 3073 299 3153 tertio,
316 3067 498 3138 Indictione
514 3073 618 3150 sexte,
636 3065 689 3132 die
706 3063 832 3133 decimo
848 3071 987 3138 exeunte
1004 3063 1162 3147 Augusto.

189 3265 335 3336 (Theiner,
347 3263 534 3320 Monumenta
544 3259 682 3319 historica
693 3255 863 3328 Hungnrise
877 3255 980 3310 Saurea
994 3255 1015 3308 l.
1028 3254 1086 3309 kot.
1111 3254 1169 3308 123.
1188 3252 1207 3306 l.
1229 3254 1266 3311 V.
1286 3259 1312 3308 ὃ.

188 3359 224 3414 11.
236 3359 332 3414 Endre
346 3353 441 3426 luirsily
453 3355 566 3426 eakujst
579 3349 718 3422 Feje'rndi,
729 3348 798 3403 Coc.
809 3347 889 3418 Dipl.
903 3345 951 3400 111.
963 3346 991 3401 lr.
1005 3345 1031 3400 2.
1042 3364 1064 3400 r.
1078 3343 1140 3398 ela.
1153 3342 1184 3398 ds
1197 3343 1259 3396 326.
1271 3341 1311 3412 ll.)

618 3607 865 3624 ,-.-.-........--
