3214 5072
641 385 795 490 *sr-

151 586 347 676 hospitibus,
364 584 418 670 qui
434 585 547 654 volunt
563 593 683 655 terram
700 586 884 656 inhabitare
909 591 942 654 et
973 586 1095 675 eolere,
1127 587 1280 681 dominus
1413 611 1414 614 ’

150 697 268 767 Abbes
283 696 380 783 hujus
396 692 461 764 leei
475 695 598 764 babeat
612 700 820 782 potestatem,
837 694 892 778 qui
907 701 1018 763 tamen
1042 695 1205 784 profluisei
1220 699 1275 767 de

154 797 235 874 bont
250 806 294 874 ad
311 805 504 883 exereitum,
516 809 549 872 et
563 806 663 890 Regis
688 804 940 892 expeditionem,
958 791 1203 880 sieutfeeerunt
1218 825 1273 875 no·

151 915 204 984 bis
221 914 417 984 viventibus.
434 916 612 983 Praeterea
628 915 798 1002 quosdam,
816 915 872 998 qui
889 914 983 981 nobis
998 913 1139 984 fideliter
1153 915 1271 984 servie-

140 1032 238 1110 ¹rent,
256 1023 521 1108 manumittimus,
539 1031 571 1090 et
585 1025 644 1092 tali
661 1025 812 1092 libertate
828 1024 997 1108 donamus,
1013 1031 1049 1093 ut
1063 1031 1139 1110 post
1153 1025 1275 1092 ebitum

152 1142 300 1203 nestrum
316 1133 508 1219 ubieunque,
524 1135 577 1201 vel
593 1133 773 1219 unioneque
797 1133 968 1215 voluerint,
991 1133 1177 1202 liberaliter
1208 1155 1273 1202 ser-

150 1242 252 1326 vient,
269 1241 434 1308 videlieet:
444 1241 583 1327 Kissos,
600 1243 731 1327 Foreas,
747 1242 926 1326 lohannes,
938 1241 1102 1327 'lhidrieh‚
1127 1241 1275 1328 Maurius,
1331 1267 1337 1278 ·

149 1351 291 1416 Helena.
308 1349 379 1417 Hee
394 1344 502 1417 emnia
527 1349 714 1417 testimonio
739 1349 914 1417 multorum
928 1349 1034 1435 Regni
1066 1347 1276 1434 obtimatum,

149 1457 387 1542 Episeoperum
403 1462 436 1524 et
452 1455 621 1542 (inmitem,
638 1457 839 1540 aliorumque
858 1457 1015 1524 nobilium
1046 1477 1182 1542 querum
1216 1479 1273 1527 no-

148 1567 237 1632 mina
252 1562 442 1648 subseripta
469 1571 544 1631 sunt
560 1566 607 1632 sie
624 1564 795 1648 ordinata,
827 1571 861 1630 et
890 1565 1026 1650 Regalis
1057 1559 1274 1652 impressione

149 1673 251 1758 sigilli
268 1672 318 1738 sie
334 1671 534 1758 confirmata,
566 1672 615 1740 sie
645 1673 799 1741 roborate
830 1679 914 1758 sunt,
941 1679 976 1739 ut
1000 1673 1107 1740 nullus
1133 1673 1274 1759 injustus

148 1777 347 1874 heredipeta
363 1780 432 1847 sive
444 1779 578 1864 justieie
596 1781 746 1848 inimiees
756 1779 877 1848 audeat
892 1779 1074 1862 machinari
1091 1781 1136 1852 sd
1150 1782 1212 1850 hae
1227 1783 1274 1848 in·
1334 1868 1336 1874 Α

138 1881 336 1974 'fringende
355 1886 492 1966 Quodsi
509 1888 580 1972 quis
596 1888 781 1958 obstinatae
797 1888 916 1956 mentis
931 1907 992 1974 nee
1007 1887 1088 1972 Dee,
1099 1908 1160 1970 nee
1174 1890 1274 1958 Sano-

151 2005 206 2065 tae
220 1996 397 2063 Eeelesiae
413 1997 628 2066 reverentiam
645 1996 805 2065 exhibens
820 1996 950 2063 molitus
976 1996 1074 2082 suerit
1089 1997 1205 2066 fraude
1220 1999 1275 2066 uel
1306 2013 1307 2016 ’

150 2104 311 2174 violentie
326 2103 438 2170 herum
455 2104 580 2188 aliquid
597 2105 661 2170 sibi
678 2104 863 2190 vendicare,
889 2096 1029 2172 maxime
1044 2117 1122 2172 vero
1138 2105 1179 2172 de
1195 2106 1271 2192 illis,

164 2233 280 2298 equor,
295 2213 353 2296 qui
369 2211 612 2300 propinquitate
627 2212 706 2279 mihi
717 2215 883 2298 eonjuneti
898 2212 1028 2280 tuerere
1043 2214 1077 2280 in
1102 2215 1223 2298 seeule,
1238 2217 1268 2284 si

151 2322 227 2405 quis
242 2321 376 2404 inquam
393 2321 454 2388 hee
470 2323 592 2388 irritum
608 2320 719 2389 faeere
735 2321 884 2408 veluerit,
912 2321 1072 2408 jndioium
1103 2324 1166 2391 Dei
1197 2323 1269 2392 sina

151 2427 381 2524 miserieerdie
404 2431 515 2500 ueniat
539 2441 637 2516 super
663 2431 772 2515 illuni,
797 2431 860 2498 nisi
885 2431 1081 2516 resipuerit,
1104 2430 1157 2516 hio
1182 2433 1273 2500 etin

153 2557 283 2606 aarum
546 2522 547 2526 ¹
593 2533 604 2556 '
726 2531 729 2539 ’
778 2523 785 2538 “

257 2648 353 2715 Anno
378 2647 576 2736 Dominieae
618 2647 856 2717 lnearnatienis
870 2693 872 2698 -
886 2647 1073 2722 ,MOXLVL
1104 2651 1274 2733 Regnante

149 2757 296 2842 gloriose
313 2755 416 2850 Galsa
431 2757 521 2839 Rege
537 2756 690 2824 seeundo.
716 2757 856 2844 Scripta,
873 2758 1020 2844 reeitats,
1038 2765 1072 2826 et
1087 2755 1275 2826 confirmate
1336 2763 1337 2768 ’

152 2869 229 2933 sunt
243 2864 306 2931 hee
321 2865 549 2955 praesentibus
566 2864 743 2934 nobillimis
759 2865 864 2951 Regni
889 2866 1036 2949 testibus,
1064 2886 1197 2952 quorum
1212 2866 1273 2936 hee

151 2973 396 3040 suntnourina:
416 2970 600 3040 Macharius
617 2973 903 3058 Arehiepiseepes,
918 2973 1087 3042 lohannes
1111 2974 1272 3060 Quinque·

148 3081 363 3150 eoelesiensis
388 3081 581 3168 Episcopus,
596 3063 742 3149 Zaeheus
759 3081 1153 3169 Gauriensistiseopus,
1170 3083 1270 3155 Belus

151 3189 273 3258 Comes
289 3189 459 3258 Palatinus
476 3197 509 3256 et
523 3191 655 3275 Benus3
670 3191 839 3259 lohannes
864 3187 991 3274 Comes,
1022 3189 1111 3256 Aous
1141 3191 1270 3276 Comes,

143 3297 333 3364 ·Dienisius
350 3295 478 3382 Cernes,
494 3298 645 3366 Julianus
661 3299 785 3383 Cernes,
800 3297 999 3380 Alexander,
1023 3291 1194 3364 Heidrieu's
1211 3297 1273 3364 Oe-

151 3425 233 3490 mes,
250 3403 358 3490 Deda,
374 3407 468 3491 Ante,
485 3407 599 3475 Petrus
615 3401 771 3492 magister
802 3407 902 3472 Dueis
918 3404 1075 3472 Ledislei.
1091 3405 1142 3473 De
1157 3411 1268 3489 eentu·

151 3513 300 3582 rionibus
315 3513 432 3582 vieinis
448 3513 528 3600 (leh,
542 3515 712 3600 Henrious,
728 3513 900 3585 (lherbela.
937 3517 938 3520 ’
1001 3503 1002 3506 '

277 3689 422 3762 (Ersdetie
436 3711 454 3750 a
466 3709 506 3750 sn.
520 3692 640 3750 marteni
653 3688 806 3764 fliapetsig
824 3686 1030 3749 leveltsrtben.
1044 3687 1154 3772 cust.)

580 4027 825 4041 m*
