3214 5072
854 327 900 396 50

320 529 451 597 nomina
466 534 539 594 sunt
563 525 642 593 hec:
668 525 801 612 Boateh,
820 528 936 611 hacto,
962 523 1117 609 Gurgute,
1143 524 1293 608 Numale,
1322 528 1436 616 Sueto,

318 637 488 722 Boroneg;
511 634 694 720 assignauit
709 634 813 701 eciam
830 643 967 720 quatuor
991 631 1107 700 vineas
1131 651 1203 698 oum
1228 632 1362 702 totidem
1389 637 1436 702 vi-

318 743 486 829 nitoribus,
503 763 636 826 quorum
652 741 784 817 nomina
799 743 863 809 ista
878 747 971 809 sunt:
989 739 1151 826 Zelemen,
1166 741 1322 826 Nemusd,
1339 744 1439 813 uum.

318 873 372 941 pa,
389 851 541 936 (thebea,
565 851 666 920 habet
681 855 788 918 autern
815 847 963 934 predium
987 847 1067 914 illud
1090 846 1224 916 arbores
1253 847 1438 919 fructiferas

318 961 460 1050 optimas
475 979 534 1046 pro
550 979 597 1045 se,
614 965 648 1026 et
672 959 799 1042 lenum,
826 962 937 1024 cetera
962 961 1071 1023 autem
1095 957 1284 1026 necessaria
1309 959 1353 1028 ad
1378 961 1436 1027 hu·

189 1051 192 1056 ¹
317 1089 448 1138 manum
462 1088 555 1136 usum
570 1067 772 1158 pertinencia
788 1063 912 1132 mixtim
926 1065 1029 1132 habet
1044 1084 1115 1130 oum
1135 1065 1277 1134 villanis.
1301 1067 1338 1134 In
1362 1089 1437 1156 pre-

316 1179 372 1246 dio
388 1179 503 1265 Koyor
518 1175 716 1264 quodvulgo
732 1173 868 1260 Hoapco
893 1171 1009 1242 dicitnr
1022 1171 1126 1258 ¹juxta
1148 1173 1255 1240 lacum
1279 1177 1436 1264 Balatym

318 1285 506 1371 assignauit
520 1304 581 1352 sex
595 1281 798 1349 mansionum
810 1271 1017 1366 jobagiones,
1044 1300 1178 1364 quorum
1203 1283 1336 1351 nomina
1360 1293 1438 1352 sunt

316 1395 397 1464 hec:
420 1393 524 1480 Egud,
542 1395 629 1478 Sulo,
644 1395 724 1478 Pua,
740 1391 861 1476 Ysaac,
877 1391 992 1477 Jacob,
1009 1392 1121 1478 Bene,
1137 1389 1192 1457 isti
1208 1389 1332 1460 debent
1345 1395 1435 1478 equi·

316 1511 388 1572 tare
404 1522 476 1570 oum
491 1501 622 1570 Abbute
637 1499 691 1568 vel
705 1499 859 1568 iratribus
875 1518 945 1593 curn
959 1499 1067 1594 illst?
1085 1507 1118 1566 et
1132 1498 1326 1586 ministrare,
1352 1500 1436 1572 siout

315 1609 375 1679 alii
385 1609 579 1696 jobagiones
594 1607 795 1692 ministrant,
819 1607 1004 1692 assignauit
1018 1604 1122 1674 eciam
1138 1606 1183 1673 ibi
1198 1613 1271 1676 octo
1285 1609 1435 1678 homiues

316 1718 577 1802 condicionales,
602 1707 735 1801 qnorum
766 1715 900 1782 nomina
916 1722 991 1782 sunt
1021 1715 1100 1782 hec:
1132 1715 1285 1802 Michaol,
1316 1718 1433 1801 Onnes,

314 1828 460 1914 Soomus,
476 1829 570 1910 Bula,
586 1825 700 1910 Buloc,
718 1821 805 1910 Sole,
815 1821 904 1909 Folo,
916 1825 1017 1908 Ivan3
1037 1821 1092 1890 isti
1107 1821 1228 1892 debent
1242 1825 1362 1911 singuli
1377 1827 1434 1893 mi·

313 1940 453 2006 nistrare
470 1935 640 2004 annuatim
656 1933 794 2002 cenobio
811 1932 924 2000 Sancti
940 1932 1089 2000 Mauricii
1105 1934 1146 2002 de
1169 1931 1251 2002 Beel
1275 1955 1347 2004 oum
1370 1953 1434 2004 uno

312 2047 397 2115 boue
411 2045 530 2115 trienni
554 2053 587 2112 et
611 2043 735 2110 tunella
759 2041 827 2108 vini
852 2031 988 2128 hydrias
1014 2041 1255 2129 quinquaginta
1278 2044 1434 2130 habente,

313 2160 440 2223 centum
467 2153 553 2221 albis
578 2151 728 2238 panibus,
753 2149 897 2234 quinque
922 2149 1105 2234 anseribus,
1120 2148 1232 2218 decem
1247 2152 1382 2238 gallinis
1398 2160 1432 2220 et

312 2261 427 2332 decem
442 2260 587 2330 candelis
603 2278 673 2326 cum
690 2257 824 2325 totidem
839 2258 992 2327 denariis.
1016 2257 1087 2326 Hoc
1109 2259 1299 2343 obsequium
1323 2267 1434 2330 tenen·

311 2375 364 2446 tur
378 2370 490 2438 tacere
504 2369 625 2454 singuli
640 2386 751 2435 eorum
766 2365 934 2434 annuatim
951 2387 1010 2452 pro
1028 2367 1200 2434 animabus
1217 2365 1353 2454 Oboneg
1371 2369 1432 2436 Co·

311 2477 400 2546 mitis
414 2485 449 2546 et
463 2477 574 2544 fratris
590 2476 663 2562 ejus
685 2475 796 2562 Gujar,
822 2477 876 2560 qui
907 2475 965 2542 luit
996 2475 1138 2544 Corialis
1169 2475 1286 2546 Comes
1318 2479 1433 2546 Sancti

187 2650 191 2662 ‚
312 2586 472 2674 Stephani
487 2585 596 2669 Regis.
621 2585 680 2651 Isti
695 2583 818 2651 babent
832 2584 947 2670 syluas
963 2605 1021 2672 pro
1037 2605 1074 2652 sc
1099 2591 1283 2670 separatas,
1301 2605 1361 2670 qne
1377 2607 1433 2654 vc·

313 2701 427 2762 cantur
441 2695 555 2762 Sumln
571 2699 603 2760 et
618 2691 775 2770 Bastoca,
794 2711 891 2775 quam
908 2695 986 2760 emit
1002 2690 1139 2780 Oboneg
1154 2695 1273 2762 Comes
1289 2693 1331 2762 de
1345 2695 1431 2782 Bus;

313 2809 432 2872 terram
447 2809 556 2872 autem
573 2807 606 2868 et
622 2806 733 2870 cetera
748 2801 937 2870 necessaria
952 2802 996 2870 ad
1012 2801 1187 2872 humanum
1216 2823 1308 2871 vsum
1333 2804 1431 2890 perti-

314 2911 434 2980 nencia
449 2919 483 2979 et
509 2911 554 2980 ad
579 2929 637 2978 sua
661 2909 805 2976 seruicia
834 2909 1027 2997 complenda
1056 2912 1177 2979 habent
1206 2899 1465 2998 sufficientem*

267 3103 271 3113 ι
310 3020 371 3088 sed
385 3019 511 3088 mixtim
527 3037 599 3086 cum
628 3017 771 3086 villanis.
798 3019 835 3084 ln
871 3019 978 3084 Vertar
1002 3020 1187 3104 assignauit
1209 3019 1292 3086 duas
1319 3019 1433 3088 vineas

234 3214 239 3224 „
310 3149 384 3198 cum
408 3126 609 3210 vinitoribus,
636 3145 770 3210 quorum
795 3127 927 3196 nomina
942 3134 1017 3194 sunt
1032 3127 1113 3194 hec:
1137 3129 1236 3212 Bene,
1259 3125 1433 3230 Boneduc3

310 3245 433 3306 terraru
448 3242 557 3305 autem
574 3239 607 3304 et
622 3241 732 3301 cetera
748 3236 939 3304 necessaria
954 3233 999 3302 acl
1014 3235 1190 3304 humanum
1216 3255 1309 3303 usum
1333 3237 1431 3323 perti-

309 3345 426 3429 nencia
441 3345 546 3433 habet
558 3344 683 3412 mixtim
699 3365 770 3411 cum
786 3345 931 3412 villanis.
955 3346 993 3412 ln
1020 3345 1132 3431 Ghepol
1156 3344 1341 3430 assignauit
1363 3349 1431 3411 tres

307 3455 462 3526 rinitores
478 3475 551 3522 oum
576 3453 679 3533 tribus
696 3452 811 3536 vineis,
827 3471 960 3536 quorum
984 3453 1117 3520 nomina
1142 3461 1217 3520 sunt
1242 3455 1321 3522 bec:
1346 3453 1427 3537 Ueri,

312 3563 416 3649 Quod,
432 3560 545 3648 Magd3
562 3567 682 3634 terram
700 3567 806 3628 autem
823 3567 856 3628 et
871 3566 982 3628 cetera
991 3562 1182 3630 necessaria
1196 3561 1240 3630 ad
1256 3563 1430 3632 humanum

310 3693 401 3742 usum
426 3671 632 3758 pertinencia
653 3667 754 3737 babet
777 3668 903 3736 mixtim
930 3689 1000 3738 cum
1027 3669 1168 3738 villanis.
1192 3673 1234 3738 Et
1258 3680 1295 3738 ut
1322 3672 1428 3741 eciam

309 3778 440 3848 cautela
455 3779 488 3844 in
504 3778 567 3845 hoo
583 3777 671 3846 iacto
687 3776 892 3864 adhibeatur,
907 3795 967 3844 nec
984 3779 1072 3846 veris
1097 3779 1184 3846 falsa
1209 3779 1426 3866 permiscean-

308 3893 360 3954 tur
375 3885 428 3954 vel
448 3904 500 3954 res
511 3885 601 3971 juste
617 3891 752 3972 peracta
768 3891 948 3972 temporum
964 3888 1063 3972 longa
1080 3889 1289 3956 successione
1312 3887 1356 3956 ab
1372 3888 1429 3954 hu-

309 4015 406 4064 mana
438 3991 649 4065 subtrahetur
679 3995 853 4080 memoria;
888 3995 960 4062 ideo
992 4017 1051 4082 per
1081 3998 1219 4064 eundem
1249 3995 1430 4083 predictum
1506 4058 1511 4068 .

308 4103 499 4190 Gregorinm
516 4102 719 4187 capellanum
736 4109 881 4171 nostrum
901 4105 1106 4192 precepimus
1122 4104 1184 4172 hoc
1200 4105 1320 4172 lactum
1336 4105 1430 4174 testi-

307 4212 414 4284 monio
429 4213 608 4280 litterarum
624 4211 844 4280 commendari
859 4219 892 4280 et
908 4215 1054 4298 presenti
1070 4213 1182 4281 charte
1200 4214 1301 4298 sigilli
1326 4221 1431 4298 nostri

306 4319 517 4406 impressione
531 4301 657 4388 muniri.
681 4321 775 4388 Anno
791 4319 962 4388 Dominicc
979 4319 1223 4390 lncarnacionis
1252 4321 1428 4390 millesimo

306 4428 662 4500 centesimotricesimo
679 4425 1056 4515 quinto,1ndicoionibus
1085 4429 1187 4517 xm,
1211 4431 1339 4518 Epacta
1362 4431 1429 4516 lv,

306 4531 456 4606 Concurr.
481 4539 517 4624 1,
543 4539 648 4624 Regni
673 4538 776 4607 nostrl
803 4557 890 4605 anno
916 4537 1037 4622 quinto.
1072 4537 1296 4610 Existentibus
1323 4538 1428 4625 Regni

304 4645 501 4718 Primatibus
516 4647 684 4724 Feliciano
700 4643 927 4732 strigoniensi,
945 4645 1089 4730 symone
1116 4649 1288 4720 Oolocensi
1314 4648 1428 4718 Archi·
