3214 5066
216 1069 282 1134 111.
296 1066 461 1134 Honorius
470 1051 563 1153 pdpo
583 1059 695 1153 Upriet
709 1063 836 1129 semoti
846 1059 899 1149 sel
914 1061 1057 1142 koloeoai
1072 1059 1230 1128 ccccmo.

678 1173 776 1236 1219.

274 1357 359 1424 Istos
375 1353 523 1423 dominus
538 1352 701 1421 Honorius
717 1351 778 1418 ΡΡ.
796 1349 854 1416 ΠΙ.
881 1347 1085 1420 consecravit
1099 1369 1186 1419 anno
1202 1347 1284 1417 Pon-

168 1463 309 1532 tificatus
326 1463 376 1530 rui
392 1463 507 1531 tertio:
524 1461 723 1549 Nepesinum
733 1459 941 1546 Episcopum,
958 1458 1162 1545 sipontinum
1172 1453 1283 1524 Archi-

168 1573 355 1660 episcopum
369 1621 377 1658 ,
391 1565 603 1638 Tudertinum
620 1567 837 1660 Episcopum,
852 1567 1062 1634 Portuensem
1078 1566 1284 1652 Episcopum,

167 1679 388 1749 Tusculanum
404 1680 621 1767 Episcopum,
640 1675 830 1745 Coloeernem
846 1674 1139 1766 Arelicprlreopum,
1164 1673 1283 1742 Gamo

169 1797 299 1858 tensem
314 1789 522 1878 Episcopum,
537 1785 808 1858 -Pcnsauricnsem
826 1784 1033 1870 Episcopum.

237 1908 301 2040 (EI.
313 1966 458 2025 Honorius
469 1963 546 2038 pdpa
557 1961 743 2036 Regestdibol
755 1961 881 2020 Thciner
892 1961 931 2018 id.
944 1979 980 2016 m.
995 1961 1019 2018 Ι.
1032 1959 1092 2020 kot.
1105 1959 1149 2018 22.
1162 1959 1198 2034 l.)
1326 1959 1329 1968 '

785 2239 789 2246 ι

594 2257 845 2270 ψ

700 2706 858 2810 89..

167 2929 234 2993 ΙΙΙ.
260 2925 423 2991 Honorius
439 2927 533 3013 pdpa
548 2945 586 2987 aa
603 2924 786 3010 ozterpamt
801 2925 832 2988 de
847 2947 868 2988 a
883 2891 1026 2990 kolocaai
1040 2925 1156 2992 erector
1163 2925 1284 3012 folrad-

168 3035 251 3122 toja,
267 3032 514 3100 rordelkezdedre
528 3029 650 3118 money
665 3031 856 3098 olkolmatoe
871 3030 1024 3099 discocto
1039 3033 1175 3101 kdldcrri.
1196 3037 1284 3102 1219

664 3151 666 3158 ‘
680 3139 781 3206 tuot.

273 3323 435 3391 Honorius
461 3321 642 3408 Episcopus
668 3328 728 3388 cte.
755 3319 935 3387 vonerabili
951 3319 1067 3391 fratri.
1086 3369 1093 3385 .
1110 3371 1118 3387 .
1137 3371 1144 3388 .
1163 3323 1283 3412 Strigo·

166 3431 273 3500 niensi
287 3430 542 3518 Archiepiscopc
553 3431 694 3498 salutem
705 3435 766 3494 ete.
783 3429 835 3494 Ne
850 3427 879 3493 si
895 3447 989 3494 secus
1005 3429 1134 3495 vineam
1150 3429 1282 3500 Domini

168 3548 279 3608 nostre
297 3560 371 3607 cure
388 3539 595 3608 commissam
611 3537 737 3624 positas
748 3533 890 3618 undique
901 3535 1122 3604 solicitudines
1133 3537 1283 3622 redigere

165 3649 403 3736 neglexerimus
430 3647 475 3715 ad
500 3648 677 3732 culturam,
701 3651 735 3713 et
758 3663 942 3732 propagare
961 3645 994 3711 in
1010 3645 1058 3714 eis
1073 3649 1282 3737 propagines,

165 3777 228 3844 qne
250 3755 350 3824 flores
375 3755 484 3826 odoris
511 3763 545 3823 et
568 3755 707 3822 fructum
733 3753 872 3822 afferant
895 3755 1095 3839 honestatis,
1118 3758 1282 3842 possimus

166 3865 281 3932 meritc
298 3863 341 3930 de
355 3869 485 3948 torpore
501 3883 560 3930 seu
575 3862 704 3931 desidia
719 3861 931 3949 reprehendi:
963 3863 1039 3930 licet
1053 3863 1223 3934 undecima
1239 3866 1284 3934 sit
1380 3852 1383 3858 ’

165 3973 265 4060 hora,
287 3974 455 4061 operarios
472 3981 582 4042 tamen
606 3975 639 4040 in
664 3973 757 4059 ipsas
782 3973 991 4060 proponimus
1017 3973 1201 4061 destinare,
1226 3976 1282 4060 qui

165 4083 296 4150 sarculo
313 4081 550 4168 predicacionis
567 4101 609 4148 ex
625 4081 970 4150 circnmadiacentibus
989 4083 1173 4150 nationibus
1191 4083 1282 4152 vitio·

115 4253 117 4256 .
164 4211 233 4258 rum
250 4191 364 4277 spinas
388 4190 568 4259 evellentes
585 4197 618 4258 et
633 4211 769 4276 vepres,
795 4196 828 4257 et
853 4189 1065 4260 extendentes
1090 4194 1124 4268 in
1150 4192 1282 4260 easdem

165 4299 321 4384 palmites
337 4297 413 4366 fidei
429 4299 716 4386 compluentesque
733 4299 809 4368 illas
826 4303 930 4387 aquis,
947 4320 1008 4384 que
1018 4303 1282 4369 transeuntinter

166 4407 307 4486 medium
316 4409 481 4494 montium,
491 4409 582 4494 ipsas
592 4405 707 4476 florere
716 4408 840 4476 saciant
851 4415 884 4475 et
893 4409 1045 4477 virtutum
1056 4410 1202 4494 germina
1212 4430 1281 4495 ger-

164 4516 302 4584 minare:
314 4537 354 4583 ac
364 4517 412 4583 sic
423 4515 755 4584 effundenteDominc
766 4515 913 4604 spiritum
923 4517 965 4585 de
975 4519 1105 4585 excelso
1122 4519 1155 4585 in
1172 4519 1280 4586 solitu-

166 4623 420 4709 dineiudioinm,
437 4645 500 4710 quo
511 4645 548 4694 se
559 4644 630 4692 cum
638 4619 710 4692 Deo
727 4629 760 4692 et
776 4644 884 4694 coram
893 4625 975 4713 Deo,
991 4647 1033 4694 ne
1049 4626 1091 4694 ab
1109 4647 1147 4695 eo
1163 4625 1282 4694 iudice·

164 4741 223 4818 tur,
235 4731 398 4802 dividicm
407 4733 544 4820 habitet,
555 4731 675 4820 detque
684 4734 1024 4826 nationumdesertum
1040 4735 1073 4804 in
1084 4735 1232 4806 Chermel
1247 4733 1281 4798 in

1064 4839 1124 4912 11·
