3198 5058
739 377 883 485 An.

259 571 300 636 de
317 571 460 642 Felduar
484 571 609 640 iudices
635 591 656 638 a
681 571 840 657 Gregorio
856 577 1012 644 Pontifiee
1039 575 1228 662 delegatos5
1255 579 1388 662 etpost

258 677 416 766 Magister
431 679 580 767 tigidius,
597 677 719 748 domini
728 682 819 769 Pape
829 683 1041 772 Capelianus,
1053 685 1159 755 dictos
1174 682 1335 750 Abbatem
1350 687 1384 748 et

258 785 459 857 Connentum
474 810 573 858 ueros
590 791 757 858 constituit
771 811 1003 880 possessores;
1029 791 1092 861 sed
1116 796 1250 878 propter
1274 795 1385 858 contu·

258 895 398 966 maciem
422 899 543 968 nobilis
568 897 750 984 supradicti
775 917 841 966 non
859 907 1033 992 potuerunt
1047 898 1289 986 possessionem
1306 919 1386 966 nan-

257 1005 348 1072 cisci.
380 1007 487 1086 Quare
512 1013 627 1094 petunt
646 1007 770 1077 dictum
785 1009 929 1078 nobilem
944 1009 1010 1078 sibi
1026 1008 1260 1096 condempnari
1275 1005 1319 1076 ad
1334 1027 1385 1076 re·

257 1113 457 1182 stitutionem
481 1115 640 1184 fruetuum
665 1123 892 1204 perceptorum
916 1123 951 1187 et
977 1137 1215 1205 expensarum,
1247 1135 1330 1200 quos
1353 1122 1387 1182 et

258 1243 341 1309 quas
365 1225 526 1292 extimant
549 1233 680 1292 eentum
705 1226 942 1314 quinquaginta
967 1246 1160 1295 marcarum.
1192 1227 1275 1294 Item
1291 1225 1386 1312 petit,

258 1333 347 1416 quod
363 1331 494 1400 facietis
509 1333 600 1420 ipsos
617 1334 704 1402 tueri
719 1336 753 1402 in
767 1335 928 1404 dictarum
937 1355 1046 1404 rerum
1055 1335 1276 1422 posssmione.
1285 1333 1385 1404 Saluo

257 1440 326 1510 inre
342 1448 404 1508 ete

317 1582 321 1592 ·
364 1547 471 1628 Quam
486 1548 676 1636 petitionem
691 1551 768 1620 licet
784 1553 876 1622 litem
892 1552 1108 1624 contestando
1129 1551 1249 1620 nobilis
1277 1548 1385 1636 predi-

258 1667 328 1729 ctus
345 1658 551 1747 responderit
566 1679 631 1728 non
646 1661 768 1730 debere
784 1663 970 1748 admittere,
985 1681 1047 1732 nee
1063 1661 1134 1731 lieri
1148 1661 1281 1748 debere,
1298 1658 1386 1744 quod

258 1769 485 1838 continebatur
509 1768 542 1834 iu
567 1787 627 1856 ea;
644 1775 754 1838 tamen
769 1771 1083 1857 antecognitionem
1100 1788 1200 1838 cause
1215 1789 1254 1838 se
1269 1775 1380 1837 contn-

257 1878 392 1944 maciter
406 1877 602 1964 absentauit,
618 1886 750 1966 propter
766 1879 854 1964 quod
869 1900 929 1948 nos
947 1898 1021 1948 eum
1037 1875 1384 1947 excommunicationis

257 1986 387 2056 uinculo
412 1983 563 2054 duximus
587 1985 819 2056 innodandum.
851 1989 981 2056 Etcum
997 1987 1139 2056 idemF.
1156 2005 1221 2054 non
1237 1985 1387 2052 uideatur

258 2113 373 2162 curare
387 2093 429 2162 de
445 2095 778 2164 excommunicatione
794 2096 943 2182 predicta
952 2145 962 2180 ,
988 2093 1096 2166 dictus
1111 2093 1236 2166 ,Abbas
1252 2099 1285 2160 et
1301 2091 1385 2160 Oon·

256 2209 374 2272 uentus
398 2224 420 2270 a
444 2203 538 2270 nobis
564 2221 636 2270 cum
657 2204 817 2272 instantia
831 2223 930 2290 super
945 2204 1007 2272 hoc
1023 2201 1223 2272 sententiam
1239 2198 1383 2288 postula·

256 2310 344 2378 bant.
375 2311 455 2378 (lum
471 2309 514 2377 de
528 2310 680 2378 omnibus
696 2313 894 2398 supradictis
910 2313 1006 2382 nobis
1022 2311 1163 2396 liqueret
1177 2328 1238 2395 per
1253 2325 1384 2395 proces·

257 2440 331 2488 sum
347 2417 489 2486 iudicum
504 2418 732 2506 predictorum,
749 2442 810 2490 nos
826 2421 908 2490 uisis
924 2417 1135 2508 processibus
1149 2416 1335 2500 eorundem,
1352 2421 1387 2481 et

256 2527 380 2598 auditis
396 2528 648 2612 allegationibus
665 2529 821 2598 dictorum
836 2531 978 2598 Abbatia
994 2535 1028 2598 et
1042 2527 1251 2610 Gonuontus,
1267 2527 1385 2594 absen-

256 2637 337 2705 tiam
353 2635 433 2702 dieti
448 2635 567 2704 nobilia
583 2635 648 2704 Dei
662 2639 828 2724 presentia
854 2639 1028 2726 supplente
1053 2643 1087 2706 et
1109 2635 1241 2704 Abbate
1257 2655 1299 2702 ac
1313 2652 1385 2720 pro-

258 2749 409 2812 curatore
424 2745 539 2814 Sancti
553 2745 684 2812 llartini
699 2747 927 2833 presentibus,
944 2761 1058 2815 ueram
1072 2743 1318 2832 possessionem
1333 2759 1384 2807 re·

257 2870 326 2918 rum
349 2853 524 2938 petitarum
549 2853 583 2920 in
608 2853 721 2922 libello
736 2853 832 2922 dietis
848 2853 974 2924 Abbati
990 2860 1023 2922 et
1038 2851 1220 2922 Conuentni
1235 2849 1386 2917 duximus

257 2959 496 3028 sententialiter
511 2961 723 3031 iudicandam
737 3011 746 3048 ,
762 2969 795 3030 et
811 2981 869 3030 eos
885 2959 1103 3048 corporaliter
1116 2959 1239 3028 debere
1253 2957 1338 3025 mitti
1353 2956 1388 3022 in

256 3071 500 3156 possessionem
516 3090 621 3138 rerum
635 3072 811 3158 petitarum
835 3073 869 3138 in
894 3072 1006 3143 libello
1023 3069 1175 3156 superius
1192 3071 1383 3148 memorato,

256 3177 528 3246 contradictores
545 3197 605 3266 per
635 3191 808 3248 censuram
839 3179 1101 3248 ecclesiasticam
1131 3173 1380 3263 compescendo,

252 3285 327 3370 jure
342 3285 553 3372 proprietatis
570 3287 697 3371 utrique
712 3290 799 3373 parti
814 3288 848 3356 iu
864 3287 1013 3357 omnibus
1029 3289 1210 3356 reseruato.
1236 3283 1275 3348 In
1291 3279 1383 3347 cuius

256 3394 304 3458 rei
328 3394 548 3461 testimonium
573 3402 746 3480 presentes
772 3396 874 3488 nostri
899 3395 1000 3479 sigilli
1025 3393 1201 3467 munimine
1229 3388 1386 3456 iussimus

256 3499 453 3568 communiri.
484 3502 601 3570 Actum
618 3521 706 3570 anno
721 3505 827 3589 gratie
842 3501 1139 3581 mccxxxnfl„
1149 3501 1227 3568 1111.
1238 3497 1306 3566 kal.
1323 3495 1385 3563 Fe-

256 3607 390 3674 bruarii.
406 3607 598 3678 Indictionis
615 3609 686 3677 vn.

400 3784 546 3855 OEredetie
564 3803 582 3841 a
601 3785 819 3848 suentmtrtoni
836 3785 992 3862 idapitntg
1010 3781 1233 3856 levdltdrtban.)

757 4049 934 4060 -·——-=-n
