3214 5072
181 1219 288 1284 Eride-e
313 1219 483 1306 veszprdrne'
496 1218 626 1304 prdpo'st
650 1213 696 1284 II.
717 1214 802 1280 Belo
832 1213 940 1304 leirdly
954 1219 994 1299 ,ds
1025 1217 1122 1283 llorta
1155 1217 1303 1304 leirdlpod

180 1324 430 1413 deleepyeze'sevel
462 1347 483 1390 a
519 1324 739 1390 sasotmsirtorti
781 1327 948 1434 apdtsdpot
990 1324 1299 1422 mepudomduyoaza.

624 1431 856 1498 1131-1141.

206 1679 209 1686 -
283 1633 404 1700 Notum
419 1632 462 1700 sit
477 1630 626 1700 omnibus
641 1637 709 1720 tam
724 1628 930 1718 presentibus
955 1627 1051 1714 quam
1066 1633 1207 1719 posteris
1222 1631 1299 1702 lide·

177 1741 315 1828 delibus,
331 1743 484 1828 quoniam
500 1741 650 1810 Andreas
667 1739 831 1824 quondam
847 1739 1045 1807 venerabilis
1055 1740 1297 1830 NaneBeupre-

176 1851 298 1919 mensis
314 1850 464 1918 Eeelesie
480 1849 638 1935 Episeopi
652 1848 854 1934 Propositus,
870 1845 1073 1933 postmodum
1098 1850 1172 1934 plus
1197 1870 1297 1938 appe

177 1967 247 2028 tens
263 1960 354 2026 mals
369 1957 481 2026 muudi
496 1955 634 2044 perpeti,
652 1977 750 2040 quam
764 1954 878 2024 laudes
903 1956 947 2022 ab
979 1955 1077 2024 huius
1108 1957 1220 2025 mundi
1249 1961 1297 2030 le-

176 2066 305 2135 borioso
321 2065 510 2150 certamine,
536 2063 580 2132 ael
610 2065 712 2132 eremi
743 2083 780 2132 se
811 2065 979 2132 transtulit
1012 2065 1229 2153 solitudinem,
1260 2076 1297 2137 ut

178 2181 323 2243 mortuus
339 2173 453 2241 sedulo
469 2173 559 2240 solus
575 2173 637 2240 soli
653 2172 779 2241 uiueret
793 2172 876 2239 Deo.
907 2168 955 2238 In¹
975 2173 1036 2240 tali
1066 2191 1145 2242 uero
1175 2173 1296 2258 Diuiue

177 2283 457 2369 contemplationis
473 2280 592 2366 studio,
609 2283 685 2349 dum
702 2280 757 2349 diu
772 2281 873 2348 uitam
902 2279 1044 2366 duceret,
1076 2288 1108 2351 et
1138 2281 1206 2350 uite
1237 2305 1295 2354 sue

175 2391 345 2460 terminum
360 2392 427 2456 iam
443 2386 573 2474 iamque
589 2389 907 2478 appropinquantem
924 2395 1093 2468 metueret,
1110 2392 1293 2479 upiissimo
1405 2449 1409 2456 .

176 2499 264 2584 Rege
280 2499 364 2568 Bels
379 2505 413 2565 et
427 2498 498 2565 eius
514 2519 615 2566 uxore
633 2499 759 2583 Regina
774 2501 880 2567 Eleus
898 2498 1173 2584 disponendarum
1187 2521 1293 2570 rerum
1347 2501 1351 2508 '

177 2627 307 2702 suarum
323 2607 513 2674 laoullatem
529 2595 635 2694 petiit.
651 2606 797 2692 Aeoepte
822 2605 921 2692 igitur
943 2608 1047 2694 Regie
1071 2607 1241 2694 dignitatis
1257 2612 1294 2678 li·

176 2717 284 2783 eeutia
298 2713 388 2781 dedit
404 2711 553 2782 Eeeleeie
570 2717 688 2783 saneti·
703 2715 835 2782 Martini
850 2715 884 2780 in
902 2712 1012 2796 Vrodi,
1028 2716 1062 2784 in
1076 2715 1180 2784 tribus
1194 2717 1295 2805 uillis,
1335 2790 1340 2798 ‚

176 2825 328 2894 uidelicet
342 2824 376 2890 in
391 2825 509 2908 Essem,
526 2825 560 2890 in
575 2823 713 2908 liutadi,
739 2823 773 2891 in
796 2821 869 2892 Rad
884 2821 1061 2892 XXXVIII
1084 2824 1232 2896 homines
1256 2828 1293 2894 li·

175 2934 295 3017 bertos,
312 2951 392 3016 quos
408 2931 493 3017 wigo
510 2931 598 3015 vhvg
613 2937 743 3016 uoesnt,
761 2951 833 2998 eum
857 2937 945 2998 terra
960 2937 994 3000 et
1008 2934 1158 3001 omnibus
1182 2954 1291 3004 eurum

176 3041 378 3109 utensilibus.
395 3039 495 3108 Dedit
511 3039 609 3107 etism
624 3039 658 3106 in
674 3039 821 3125 prediota
836 3041 916 3108 uilla
931 3041 1004 3109 Rad
1027 3023 1094 3110 tres
1117 3041 1243 3131 vineas,
1259 3048 1293 3112 el

177 3149 222 3215 VI
235 3147 383 3218 homiues
398 3149 587 3216 uiuuitores.

354 3361 500 3431 (Ersdstie
513 3379 531 3419 a
543 3378 583 3420 sa.
593 3361 714 3420 mdrtoni
727 3321 883 3436 idapdtsdg
895 3359 1113 3432 leudltdrlban.)
