3214 5066
690 319 770 390 207·

642 405 802 420 m

165 517 252 587 hanc
267 521 388 585 terram
403 516 494 602 prius
509 514 654 600 legatam
670 535 743 584 asse
757 537 816 586 suo
831 517 1028 585 hdonasterio
1045 537 1066 583 a
1081 516 1150 584 uiro
1176 492 1278 601 ipsius

107 621 110 638 “
165 625 259 710 Strio,
267 629 300 692 et
309 623 507 710 quarundam
517 624 708 692 feminarum
718 625 902 693 testimonio
912 626 1050 711 probare
1062 623 1277 708 conabantur;

163 731 294 800 demum
319 727 492 802 varocum
510 733 622 801 iterum
638 735 727 804 Stria
742 734 787 803 ad
801 733 923 802 exitum
938 734 1208 824 propinquasset,
1234 733 1275 799 ab

161 841 342 909 Abbatissa
357 841 582 910 monachalem
598 841 742 910 habitum
767 842 971 930 postulabat3
996 842 1176 910 abbatissa
1198 859 1274 910 voro

160 948 293 1018 minime
318 948 538 1038 concedebat,
563 948 626 1016 nisi
642 949 682 1018 de
698 951 765 1018 suis
782 953 876 1019 honis
891 951 1052 1024 conferret
1067 949 1275 1026 honestetis

160 1055 213 1124 vcl
228 1059 348 1124 saltem
364 1064 483 1123 terram
498 1058 603 1142 ipsam
620 1077 714 1140 quam
741 1079 762 1124 a
786 1059 856 1124 niro
872 1079 930 1136 suo
947 1059 1023 1126 olim
1039 1057 1191 1126 collatam
1206 1076 1274 1126 mo·

160 1166 304 1234 castenio
321 1167 520 1251 asserebant,
538 1173 573 1232 et
582 1166 630 1232 sic
641 1166 760 1250 Striam
778 1186 888 1232 earum
904 1167 1055 1253 petitioni
1071 1166 1276 1234 consensisse

161 1274 314 1348 dicebant
323 1321 333 1357 ,
359 1281 391 1342 et
407 1293 504 1359 super
520 1274 585 1340 hoc
596 1275 822 1360 presbyterum
839 1274 946 1342 Sahbe
963 1275 1082 1342 Oalixti
1099 1281 1132 1342 et
1146 1275 1275 1340 Petrum

160 1382 298 1452 Russnm
313 1388 415 1450 testes
431 1381 686 1450 introducebant.
717 1385 789 1452 Nos.
802 1403 880 1450 vcro
895 1383 1086 1452 auctoritate
1095 1434 1104 1469 ,
1126 1401 1190 1466 qua
1205 1384 1275 1450 sun-

161 1491 330 1576 gehamnr,
345 1488 455 1556 taliter
469 1491 502 1556 iu
518 1491 712 1558 sententiam
727 1493 952 1576 processimus,
962 1491 1123 1558 -videticet
1138 1515 1146 1555 ι
1164 1491 1274 1558 Mulio·
1369 1559 1370 1562 ,

158 1615 210 1663 res
226 1596 403 1665 secundnm
418 1599 584 1688 antiquam
596 1597 737 1692 ciuitatis
749 1597 1010 1667 consuetudinem
1021 1601 1054 1665 in
1066 1598 1272 1668 conficiendis

158 1705 361 1774 testamentis
377 1707 421 1774 ad
436 1707 652 1774 testimonium
668 1703 796 1774 admitti
812 1727 875 1774 non
891 1726 990 1791 posse
998 1757 1008 1793 ,
1025 1705 1163 1773 maxime
1177 1707 1213 1796 in
1230 1706 1272 1773 ci·

158 1814 260 1882 uitato
277 1813 383 1900 iactis,
400 1814 455 1882 nbi
471 1815 581 1882 clerici
597 1816 648 1882 vei
664 1813 777 1882 fideles
792 1816 882 1902 layci
897 1822 1031 1900 possent
1047 1816 1171 1899 uocari;
1187 1815 1271 1888 alios

158 1943 233 1990 vero
262 1929 363 1990 testes
387 1941 454 1989 non·
475 1943 572 2009 posse
597 1922 746 1991 sufficere
762 1923 805 1990 ad
820 1925 1069 1991 instrumentum
1094 1923 1270 1992 Oauonico-

157 2051 226 2097 rum
241 2030 454 2116 irritandum,
479 2033 651 2116 presertim
674 2051 868 2099 cumeorum
886 2033 1021 2098 alterum
1031 2083 1041 2118 ,
1073 2031 1197 2102 scilicet
1212 2031 1271 2096 Pe·

156 2146 238 2206 trum
253 2141 393 2206 Russum
409 2140 503 2208 nobis
518 2159 576 2225 por
591 2141 734 2208 ciuitatis
757 2140 885 2207 Iudices
909 2141 1124 2224 constitisset,
1149 2137 1270 2226 publici

157 2249 232 2316 fmti
245 2254 326 2315 nota
341 2247 541 2315 infamatum.
563 2249 656 2315 Vnde
666 2251 845 2326 ,autoritate
861 2248 957 2316 nobis
975 2249 1147 2322 commissa
1162 2249 1269 2332 ipsam

156 2363 274 2424 terram
284 2353 459 2424 Oanoniois
475 2355 730 2425 adiudicauimus
747 2363 901 2442 perpetuo
917 2355 1145 2444 possidendam
1156 2405 1168 2439 ‚¹
1196 2373 1270 2440 pre·

156 2465 313 2552 cipianteu
330 2466 388 2549 eis,
404 2473 439 2532 ut
454 2466 704 2534 instrumentum
720 2487 812 2536 sunm
828 2464 1034 2533 iureiurando
1049 2464 1225 2549 firmarant,
1241 2463 1271 2530 si

156 2582 287 2660 aparte
303 2576 407 2643 altera
417 2579 592 2660 peteretur.
604 2578 687 2643 Pars
703 2595 780 2644 vero
796 2575 936 2652 aduersa
953 2595 988 2642 se
1003 2575 1122 2642 iniuste
1137 2573 1270 2660 grauari

78 2703 83 2712 ·
132 2681 371 2770 'proclamans
386 2683 505 2753 Sedom
520 2685 749 2772 Apostolicam'
768 2685 965 2772 appellauit,
991 2685 1042 2750 cui
1065 2685 1108 2768 ad
1133 2683 1268 2769 primum
1285 2757 1287 2760 ,

156 2790 274 2857 festum
311 2791 552 2880 Assumptionis
587 2780 708 2862 Sancte
732 2793 836 2862 Maris
876 2791 1044 2860 terminum
1079 2789 1269 2877 prefiximus

154 2917 245 2966 suam
262 2900 515 2985 appellationem
531 2920 603 2968 cum
625 2901 744 2968 nostris
760 2901 876 2969 litteris
894 2899 1121 2986 prosequendi.
1151 2901 1268 2966 Actum

155 3015 204 3074 est
218 3008 281 3074 hcc
297 3007 487 3094 inclaustro
504 3009 620 3076 Sancti
635 3008 795 3097 Stephani
810 3005 880 3076 VII.
898 3010 971 3076 Kal.
987 3008 1075 3076 Junii
1100 3026 1185 3074 auno
1200 3005 1267 3072 Do·

154 3115 232 3182 mini
248 3114 466 3204 MOGXXIIII
479 3118 523 3199 ,iu
551 3119 716 3205 presentia
746 3120 858 3186 horum
888 3119 1034 3185 testium:
1060 3114 1268 3200 Apoilenaris

156 3223 337 3292 Gaeaufolli
345 3275 355 3312 ‚
382 3226 505 3292 Mathai
520 3229 667 3295 Maurnte
677 3275 686 3311 ,
707 3235 739 3296 et
750 3248 852 3314 ,qnam
869 3227 1008 3314 plurium
1025 3224 1219 3292 clericorum
1234 3228 1267 3289 et

156 3330 302 3415 ejusdam
326 3333 515 3419 Monasterij
535 3335 774 3426 monachorum.
805 3334 857 3402 Ad
872 3333 1003 3400 maioris
1020 3336 1125 3398 antem
1140 3329 1265 3397 roboris

154 3438 339 3508 firmitatem
363 3439 447 3507 hanc
472 3444 626 3528 paginam
640 3443 818 3528 sigillorum
832 3445 1014 3509 nostrorum
1030 3437 1203 3506 munimine
1220 3435 1236 3500 f
1253 3476 1264 3486 -

156 3546 254 3614 cimus
270 3547 427 3614 roborari.
1342 3539 1343 3544 ’

241 3721 374 3809 (Gaudos
387 3687 527 3782 maechata
538 3687 683 3782 taldltatiin
696 3743 713 3782 a
725 3725 803 3783 btesi
815 3741 854 3781 cs.
869 3723 957 3782 titkoa
969 3719 1169 3796 ievdltdrbau.)
1292 3761 1299 3776 ,
1318 3733 1322 3741 ’

583 3988 842 4000 n——n-——u-—u--fl
