3222 5054
828 889 905 956 tao.

317 1077 382 1141 III.
405 1073 566 1138 Hoaaottua
588 1073 676 1159 pdpa
700 1071 948 1157 Mopyarorcedp
973 1069 1147 1134 dccolcec'rcclc
1172 1069 1203 1132 da
1221 1065 1433 1154 ptlepiikoiuck

423 1205 461 1246 oa
475 1185 510 1267 uj
524 1175 804 1245 casacutulam
820 1163 980 1242 tardasset
1000 1175 1116 1262 liuppy‘o
1131 1195 1209 1262 coep.
1227 1175 1326 1238 1227.

427 1448 588 1518 Honorius
605 1449 786 1534 Episcopus
803 1453 863 1513 etc.
880 1443 1062 1514 venerabili
1079 1443 1193 1512 trani.
1211 1493 1218 1509 .
1265 1443 1434 1530 Archiepi·

324 1579 423 1646 scopo
449 1556 618 1625 Colocensi
644 1555 782 1624 salutem
806 1563 867 1622 etc.
894 1555 1091 1622 Benedictus
1106 1557 1214 1639 Deus,
1241 1555 1296 1636 qui
1314 1571 1356 1618 ex
1371 1552 1434 1620 hiis

321 1686 383 1750 que
398 1665 485 1754 mala
501 1665 667 1746 videntur,
691 1664 877 1748 frequenter
892 1663 978 1732 bona
994 1663 1146 1748 dignatur
1161 1663 1268 1731 dicere
1279 1683 1301 1744 ,·
1316 1667 1350 1726 et
1373 1678 1435 1742 que

321 1774 472 1842 timentur
493 1773 606 1840 cedere
631 1775 675 1840 ad
699 1772 925 1859 dispendium,
951 1773 996 1840 ad
1021 1769 1246 1862 compendium
1271 1785 1435 1836 revocare.

322 1883 401 1954 (ium
417 1885 515 1970 igitur
531 1901 627 1970 super
642 1882 806 1948 discordia
815 1933 825 1966 ,
851 1901 912 1966 que
937 1882 1021 1948 inter
1046 1880 1247 1948 carissimum
1265 1867 1368 1944 filium
1381 1895 1436 1942 no·

321 2001 423 2062 strum
454 1990 668 2078 Flridericum
687 1987 734 2078 H)
765 1991 982 2056 Romanorum
1013 1973 1243 2075 Imperatorem
1273 1987 1436 2052 Illustrem

322 2121 452 2186 semper
462 2101 643 2184 Augustum
660 2105 693 2164 ot
708 2098 832 2184 Regem
847 2097 969 2185 Sicilie,
987 2097 1229 2170 et¹Lombordos
1245 2102 1360 2175 exorta
1370 2094 1438 2159 fue·

323 2217 384 2294 rot,
399 2229 456 2294 per
473 2205 610 2274 studium
626 2213 779 2291 nostrum,
797 2215 906 2276 actore
922 2207 1013 2294 pacis
1029 2209 1101 2274 Deo
1117 2211 1335 2291 cooperante,
1351 2203 1437 2270 sulu-

323 2318 426 2384 briter
441 2314 485 2380 sit
499 2313 664 2400 provisum
673 2363 682 2399 ‚
710 2320 743 2380 ct
758 2313 843 2382 idem
859 2317 1040 2402 Imperator
1055 2315 1099 2380 ad
1114 2312 1388 2382 transfretandum
1406 2311 1438 2376 in

324 2423 461 2492 instanti
474 2423 621 2506 Augusto
637 2421 817 2506 magnifice,
833 2432 931 2509 prout
945 2425 1152 2508 Imperialem
1167 2424 1263 2489 dccet
1273 2419 1438 2488 Excellen-

325 2535 415 2616 tiam‚
433 2553 470 2600 sc
486 2530 645 2613 accingat,
662 2530 897 2598 multitudinem
913 2533 1044 2599 navium
1061 2539 1094 2598 et
1108 2532 1186 2616 alia,
1197 2551 1261 2616 quc
1277 2535 1369 2596 tauto
1386 2547 1439 2594 ue·

327 2641 414 2728 gotio
431 2645 619 2724 congruunt,
636 2638 875 2708 studiosissime
891 2641 1107 2726 properando,
1124 2641 1209 2708 sicut
1224 2659 1263 2706 eo
1279 2637 1440 2720 nobisper

326 2751 510 2835 solempnes
526 2747 660 2814 nuncios
686 2755 718 2814 et
742 2749 868 2816 litteras
884 2750 1069 2817 insinuante
1086 2751 1226 2816 letantes
1244 2743 1440 2829 audivimus,

279 2863 283 2876 '
328 2857 449 2942 etipsa
464 2855 512 2922 rei
527 2855 708 2938 evidentia,
734 2862 829 2937 prout
844 2858 886 2924 ab
903 2858 986 2941 hiis,
1012 2859 1066 2941 qui
1081 2853 1440 2942 viderant‚-asseritur,

329 2965 448 3033 clarius
464 2963 661 3030 manifestat.
692 2962 886 3050 sperantes,
912 2967 998 3049 quod
1013 2966 1102 3032 Deus
1119 2983 1280 3050 exurgens
1295 2962 1442 3029 iudicare

329 3071 490 3158 disposuit
514 3089 647 3138 caueam
671 3089 782 3154 suam,
808 3079 841 3138 et
863 3073 1045 3141 Jerusalem
1070 3076 1152 3140 sicut
1167 3071 1282 3138 dicbus
1298 3068 1443 3156 pristinis

328 3183 532 3264 instaurare,¹
555 3178 742 3245 mandatum
751 3229 761 3262 ‚
787 3181 871 3264 quod
880 3232 890 3266 ‚
906 3184 948 3248 dc
963 3182 1162 3268 predicanda
1177 3171 1271 3248 cruce
1287 3178 1406 3245 dudum
1422 3199 1443 3245 a

330 3287 414 3357 Sede
430 3287 619 3372 Apostolica
634 3289 807 3374 accepisti,
833 3293 982 3358 duximus
1001 3290 1236 3374 innovandum,
1262 3288 1445 3355 fraternita-

329 3404 394 3464 tem
407 3404 496 3462 tuam
513 3397 728 3462 sollicitantes
752 3403 785 3463 et
808 3397 973 3466 hortantes
990 3405 1112 3469 attente
1128 3420 1167 3465 ac
1182 3418 1240 3487 per
1255 3395 1445 3482 Apostolica

329 3506 390 3573 tibi
405 3505 528 3590 scripta
543 3505 752 3582 mandantes,
779 3513 938 3590 quatenus
962 3509 1103 3576 iniuncta
1128 3508 1188 3574 tibi
1212 3501 1445 3593 predicationis

331 3612 471 3682 officium
488 3629 643 3678 exerceas
659 3611 820 3697 studiose,
845 3635 982 3698 magnos
1008 3625 1040 3683 et
1059 3635 1179 3702 parvos
1194 3613 1373 3682 secundum
1389 3610 1445 3676 da·

331 3729 400 3788 tam
416 3720 475 3786 tibi
485 3721 585 3787 aDeo
601 3721 808 3806 prudentiam
823 3723 947 3790 sedulis
961 3724 1238 3792 exhortationibus
1252 3719 1446 3801 inducendo,

331 3836 367 3896 ut
383 3829 416 3894 in
430 3828 565 3894 instanti
579 3828 745 3912 Augusto,
762 3849 824 3912 quo
840 3833 993 3916 gencrale
1008 3833 1197 3918 passagium
1213 3838 1264 3898 est
1279 3830 1445 3910 indictum,

332 3936 522 4024 impendant
537 3955 627 4004 suum
643 3937 728 4004 dicte
743 3945 827 4007 terre
843 3946 957 4007 sancto
974 3941 1153 4015 subsidium
1169 3939 1273 4008 modis
1288 3925 1446 4020 omnibus,

335 4047 452 4131 quibus
477 4051 617 4130 possunt.
646 4047 895 4132 Oruccsignatos
911 4057 1038 4135 autem,
1055 4057 1091 4116 ut
1105 4050 1278 4118 occasione
1295 4051 1446 4114 cessante

255 4175 259 4184 ·
336 4158 369 4224 in
384 4157 455 4240 ipso
470 4155 626 4241 passagio
641 4159 808 4224 transeant
816 4205 826 4241 ,
850 4156 1026 4226 efficaciter
1041 4175 1193 4242 moneas,
1219 4163 1252 4223 ct
1267 4155 1296 4222 si
1310 4171 1446 4221 necesse

337 4261 433 4330 fuerit
447 4283 506 4350 per
521 4253 690 4329 censuram
705 4267 981 4350 ecclesiasticam,
1008 4265 1072 4334 nisi
1091 4285 1171 4349 quos
1187 4265 1320 4332 evidens
1336 4277 1446 4328 necea·

336 4371 418 4438 sitas
434 4371 645 4456 excusaverit,
660 4373 787 4440 sublato
803 4374 1032 4459 appellationis
1048 4374 1285 4461 impedimento,
1309 4367 1446 4456 compel-

304 4567 308 4573 .
336 4477 398 4541 las.
420 4479 540 4649 DgtLum
564 4480 718 4548 Laterani
742 4483 800 4554 III.
825 4481 901 4548 Idus
925 4483 1072 4552 ianuarii
1097 4479 1319 4567 (Pontificatos
1334 4473 1447 4564 nostri)

338 4599 424 4650 anuo
