3234 5072
366 1649 580 1718 Sunt-Istone
602 1652 816 1736 wroeaycs'aok
839 1652 954 1718 eredetc'
975 1659 1107 1740 ezdoeye.

266 1805 449 1951 (Sancti
474 1805 695 1948 Stcpiaui
720 1807 866 1951 Regis
892 1809 1209 1953 decretorum)

478 2003 991 2214 neefeoffisrialmuos

278 2309 654 2380 secundusomne
677 2312 851 2378 clementia
875 2329 955 2396 opus
969 2310 1103 2396 Regalis
1120 2309 1290 2397 dignitatis
1385 2327 1387 2332 ’
1412 2331 1414 2338 ’

180 2415 362 2508 al(i)monia
377 2418 544 2486 katholico
559 2415 635 2483 fidei
651 2418 807 2502 effectum,
824 2418 963 2502 amplius
988 2437 1027 2484 ac
1050 2419 1185 2487 solidius
1211 2419 1309 2485 alte-¹

180 2528 245 2594 nius
260 2526 430 2612 dignitatis
456 2524 608 2611 operibus
640 2525 724 2592 solet
749 2545 832 2593 esec.
857 2525 899 2591 at
926 2527 1077 2609 quoniam
1102 2523 1293 2610 unaqueque
1415 2543 1416 2550 ¹

178 2653 257 2720 gens
274 2634 412 2722 propriis
427 2634 524 2700 utitur
540 2631 678 2717 legibus,
701 2629 819 2699 idcirco
835 2653 895 2699 nos
910 2652 1038 2718 quoque
1059 2631 1122 2700 Dei
1137 2635 1215 2699 nutu
1239 2653 1294 2700 no·

178 2749 278 2810 stram
294 2743 515 2829 gubernantes
531 2737 758 2823 monarchiam,
785 2740 935 2823 antiquos
962 2759 1003 2805 ac
1027 2737 1198 2807 modernos
1221 2739 1280 2805 ¹imi

178 2855 282 2916 taum
292 2850 466 2950 Augustos,
483 2846 640 2914 decretali
655 2847 866 2916 meditatione
881 2853 989 2914 nostre
1005 2848 1174 2916 statuimus
1190 2847 1294 2942 genti,

180 2955 449 3042 quemadmodum
464 2955 635 3021 honestam
650 2961 682 3018 et
703 2953 917 3021 innoffensam
942 2953 1098 3022 ducerent
1122 2955 1235 3038 uitam,
1260 2959 1296 3020 ut

180 3065 263 3132 sicut
276 3063 404 3131 Diuinis
419 3062 546 3148 legibus
562 3068 637 3127 sunt
660 3061 764 3140 ditati,
789 3063 937 3130 similiter
962 3065 1061 3130 ctiam
1089 3061 1292 3130 secularibus

180 3173 320 3241 addicti:
345 3179 380 3238 ut
394 3177 548 3256 quantum
563 3171 639 3238 boni
655 3171 688 3236 in
712 3168 764 3236 his
779 3171 908 3238 Diuinis
934 3171 1138 3257 ampliantur,
1163 3149 1288 3238 tantum

178 3281 225 3349 rci
238 3279 273 3346 iu
288 3281 360 3347 istis
374 3281 556 3346 multentur.
573 3277 642 3357 Que
658 3283 765 3344 autem
786 3277 997 3363 decreuimus,
1023 3279 1056 3344 in
1082 3277 1289 3362 sequentibus

180 3387 423 3457 subnotauimus
438 3387 542 3454 lincis.

528 3581 696 3667 capitula
714 3575 826 3648 huius
843 3579 940 3647 libri.
1074 3647 1075 3650 ,

286 3727 313 3794 Ι.
327 3725 380 3794 Dc
394 3730 482 3794 statu
496 3745 601 3794 renum
618 3725 924 3797 ecclesiasticarum.

229 3887 232 3893 .
283 3834 326 3900 11.
343 3832 394 3901 De
409 3839 574 3923 potestate
589 3833 824 3920 Episcoporum
839 3852 937 3920 super
960 3852 1013 3902 res
1037 3834 1277 3906 ecclesiasticas

183 3957 355 4026 commque
369 3941 598 4024 convenientia
613 3961 686 4009 eum
700 3937 803 4008 iaicis.

286 4051 347 4118 ΠΙ.
370 4047 492 4128 Quales
516 4051 659 4120 debeant
689 4067 763 4117 esse
795 4055 1001 4120 accusatores
1033 4056 1065 4118 et
1095 4057 1197 4121 testes
1227 4054 1293 4122 olc-

184 4158 334 4228 uicorum.

292 4264 348 4334 IV.
371 4265 454 4333 Item
468 4265 510 4334 dc
526 4261 650 4333 eodem.

295 4373 333 4441 V.
354 4373 405 4442 Dc
423 4372 536 4440 labore
552 4371 767 4466 sacerdotum.

296 4483 353 4550 VI.
376 4483 427 4549 De
442 4479 649 4550 concessione
665 4479 781 4568 Regali
796 4477 998 4565 propriarum
1014 4495 1129 4546 rerum.

203 4643 205 4647 v
294 4589 365 4657 viu
389 4587 440 4656 Do
456 4593 583 4658 retentu
600 4589 772 4675 Regalium
786 4605 900 4654 rerum.
1000 4568 1006 4581 “

294 4697 383 4768 viu
405 4697 459 4767 Dc
473 4696 704 4767 obseruatione
719 4692 872 4763 dominici
887 4691 963 4762 dici.
1098 4753 1102 4767 .

1110 4803 1148 4872 1⁸
