3214 5066
650 349 809 451 All«

168 551 277 644 ipsum
301 570 337 618 re
361 545 465 618 adbuc
490 547 619 632 integra
643 548 688 616 ad
712 547 831 616 Sedem
847 546 1068 634 Apostolicam
1084 550 1289 618 remiserunt.

40 642 42 655 Α
169 661 380 728 Procuratore
394 655 493 742 igitur
508 655 647 725 Abbatis
662 658 728 724 iam
745 657 842 742 dicti,
860 676 900 725 ac
917 654 1034 725 dilecto
1049 655 1115 724 filio
1130 655 1299 742 Magistro,

169 766 338 834 Ambrosio
363 765 600 833 Archidiacono
626 763 862 853 vesprimiensi
886 765 997 834 nuntio
1022 765 1125 852 partis
1151 765 1290 848 aduerso

169 880 303 963 propter
317 874 379 941 hoc
394 874 428 959 in
443 880 555 942 nostra
570 875 739 960 presentia
754 873 938 943 constitutis
955 873 1108 942 dilectum
1118 871 1219 942 filiurn
1234 896 1289 944 no-

169 989 269 1051 stmm
286 983 323 1049 ll.
340 982 531 1052 Sanctorum
549 981 667 1050 Oosme
677 1034 687 1069 ,
715 989 747 1051 et
763 982 917 1052 Damiani
932 982 1115 1051 Diaconum
1133 982 1290 1054 Oardina·

169 1091 233 1158 lem
250 1092 299 1160 eis
316 1091 533 1160 concessimus
545 1091 739 1177 auditorem,
757 1091 808 1160 cui
826 1111 897 1161 oum
914 1091 955 1159 de
971 1110 1071 1170 cause
1087 1091 1213 1160 meritis
1232 1110 1289 1177 per

168 1199 259 1284 ipsos
276 1219 341 1268 non
356 1201 497 1288 potuerit
510 1199 579 1267 fieri
595 1203 697 1287 plena
711 1199 793 1269 fides
803 1251 812 1285 ,
823 1265 826 1276 ,
837 1219 897 1267 nos
923 1217 1056 1281 causam
1072 1198 1179 1288 ipsam
1194 1197 1287 1266 vobis

169 1305 319 1374 duximus
349 1308 630 1394 committendam,
664 1307 853 1376 discretioni
885 1314 994 1376 uestre
1018 1326 1078 1393 per
1101 1307 1290 1394 Apostolica

174 1417 299 1504 scripta
315 1418 511 1488 mandantes
520 1469 529 1505 ,
546 1418 698 1504 quatinus
714 1419 748 1486 in
762 1417 896 1506 ,negotio
916 1419 987 1504 ipso
1003 1416 1289 1487 nonobstantibus

170 1525 334 1607 aliquibus
360 1526 476 1595 litteris
501 1546 599 1614 super
613 1527 675 1595 hoc
692 1547 713 1594 a
728 1527 815 1598 Sede
831 1526 1020 1614 Apostolica
1039 1523 1220 1614 impetratis
1235 1545 1288 1596 us·

171 1653 233 1719 qus
249 1633 294 1702 ad
309 1631 474 1704 definitiue
491 1637 653 1714 sententie
668 1637 828 1704 calculum
844 1633 974 1704 sublato
990 1633 1223 1720 appellationis
1234 1634 1289 1700 ob·

170 1745 295 1811 stacudo
310 1743 526 1831 procedentes
543 1765 677 1813 causam
693 1745 818 1833 ipsam,
844 1747 874 1814 si
898 1743 940 1812 dc
965 1744 1107 1830 partium
1122 1743 1290 1810 voluntate

169 1853 374 1937 processerit,
385 1851 449 1919 fine
466 1852 576 1920 debito
592 1854 784 1938 terminetis,
801 1853 961 1920 iacientes
978 1851 1066 1936 qnod
1077 1847 1287 1920 decreueritis

170 1959 365 2029 anctoritate
381 1967 492 2027 nostra
502 1961 641 2030 'firmiter
656 1962 832 2031 obseruari.
864 1960 1020 2044 Alioquin
1040 1979 1113 2028 eam
1129 1957 1288 2027 sufficicn-

169 2073 219 2136 ter
233 2067 424 2136 instructam
440 2070 485 2139 ad
499 2077 643 2138 nostram
657 2070 858 2157 presentiam
873 2068 1067 2154 remittatis,
1092 2057 1287 2154 prefigentes

144 2175 320 2267 ‚partibus
335 2177 505 2245 terminum
521 2185 766 2266 competentem,
784 2198 846 2262 quo
861 2185 972 2246 nostro
989 2195 1025 2244 se
1042 2175 1229 2261 conspectui
1239 2194 1288 2242 re-

170 2291 357 2371 presentent
372 2287 491 2355 iustam
508 2286 606 2356 dante
623 2287 751 2355 domino
771 2287 966 2355 sententiam
982 2292 1161 2372 receptare.
1172 2283 1291 2354 Testes

160 2399 279 2458 ‘antem
297 2395 352 2477 qui
368 2393 488 2462 luerint
503 2395 678 2482 nominati,
695 2397 722 2462 si
739 2416 776 2464 se
790 2395 908 2481 gratia,
926 2394 1000 2462 odio
1017 2393 1070 2460 uel
1085 2393 1200 2460 timore
1217 2390 1289 2459 snb-

171 2499 347 2578 traxerint,
367 2521 425 2588 per
441 2522 610 2570 censuram
627 2503 884 2596 ecclesiasticam
900 2511 1051 2572 cessante
1067 2500 1289 2589 appellatione

170 2609 298 2696 cogatis
324 2611 455 2677 ueritati
478 2611 698 2680 testimonium
723 2611 904 2700 perhibere.
936 2611 1031 2692 Quod
1046 2613 1075 2683 si
1090 2631 1153 2678 non
1177 2623 1289 2675 omnes

170 2717 236 2802 hijs
253 2720 453 2802 exequendis
469 2721 640 2804 potueritis
656 2722 838 2806 interesse,
864 2720 925 2787 duo
942 2727 1085 2789 uestrum
1101 2739 1142 2786 ea
1156 2716 1301 2786 nichilo.

170 2827 277 2896 minus
295 2835 501 2912 exequantur.
519 2827 639 2902 Datum
655 2829 810 2900 Laterani
825 2829 900 2898 IIII.
912 2829 1026 2897 Nonas
1035 2826 1194 2915 ianuarii,
1205 2826 1287 2894 Pon·

170 2932 314 3005 tilicatus
329 2937 428 3005 nostri
446 2955 530 3005 anno
546 2937 666 3021 quinto.

239 3123 241 3126 ’
317 3131 479 3203 (Emadatic
492 3151 510 3190 a
524 3132 736 3194 ssent-martoni
747 3131 899 3220 fdapdtstig
910 3126 1130 3230 lcudltdrdban.)

595 3431 873 3449 u-——n--a-—t—-a—-d

230 4787 580 4851 nonnullatenus·
595 4793 675 4842 ull’la.
689 4793 712 4851 a,
762 4787 763 4794 ’
