3198 5058
767 299 927 404 jn-
1010 311 1011 314 ,

814 776 892 842 lul.

328 961 484 1028 Boiano
501 957 671 1043 vozpremi
689 956 813 1043 pihspiik
828 955 1046 1042 opiloikozoia
1060 977 1081 1019 a
1095 955 1209 1020 ronnei
1223 955 1366 1040 kdpolna

711 1063 856 1152 iipye'ben.
882 1063 982 1128 1233.

392 1244 560 1313 Vniuersis
583 1246 754 1331 presentes
780 1242 907 1310 litteras
933 1241 1132 1326 inspecturis
1160 1240 1411 1308 Bartholomeus

284 1353 406 1420 Dininu
421 1351 635 1439 permissione
651 1347 917 1437 wesprimiensis
935 1347 1119 1434 Episcopus
1139 1349 1278 1416 sulutem
1294 1347 1328 1417 iu
1343 1350 1410 1416 Do·

285 1463 382 1528 mino.
399 1461 453 1529 Ao
467 1461 691 1527 uniuersorum
707 1460 855 1526 uolumus
871 1458 1027 1525 noticiam
1043 1457 1226 1544 peruenire,
1239 1459 1411 1540 quodcum

284 1568 483 1638 venerabilis
498 1571 612 1636 Abbus
630 1575 663 1635 et
679 1567 866 1634 Conuentus
883 1567 979 1634 Booti
988 1566 1121 1634 Martini
1135 1564 1177 1632 de
1187 1567 1289 1632 Sauro
1301 1565 1412 1632 Monte

286 1679 454 1745 Pannonie
470 1677 616 1744 traheret
631 1696 690 1744 noe
706 1677 740 1743 in
757 1695 890 1743 oausam
908 1693 1019 1742 oornrn
1034 1673 1229 1742 Reuerendo
1246 1679 1340 1759 petre
1353 1673 1411 1740 (Ιο-

286 1785 372 1851 rnino
388 1781 545 1873 J(aoobo)
569 1785 763 1852 Prenestino
789 1784 922 1869 Eieoto,
948 1784 1138 1868 Apostolioe
1164 1781 1261 1848 Sedis
1285 1783 1412 1864 Legem

285 1913 384 1979 super
408 1893 539 1978 capelle
554 1893 596 1959 de
612 1893 693 1960 nilla
708 1893 857 1975 Samson,
874 1909 970 1976 quum
986 1892 1052 1976 ipsi
1068 1889 1231 1967 dicebant,
1248 1889 1335 1973 quod
1350 1907 1413 1955 nos

287 2002 393 2088 ipsum
417 1999 487 2070 fieri
512 2001 716 2070 iaoiebemus
740 1999 775 2066 in
800 2019 910 2069 eorum
942 1999 1158 2086 preiudioinm
1174 2004 1208 2066 et
1223 2014 1411 2083 gruuomen,

286 2129 348 2177 neo
362 2129 428 2177 non
453 2114 486 2176 et
511 2109 700 2196 dompnum¹
715 2115 747 2176 et
773 2109 925 2175 iniurium
942 2108 1087 2174 metricis
1102 2107 1252 2174 Euolesio
1270 2104 1419 2190 ipsorum.

286 2217 321 2282 in
336 2215 541 2302 Keurushig,
557 2235 616 2294 nos
633 2215 776 2283 eonfossi
792 2215 931 2302 fuimus,
958 2222 991 2282 et
1007 2212 1214 2299 promisimus
1229 2212 1306 2278 uiuo
1320 2231 1414 2295 noos,

289 2323 374 2406 quod
390 2324 479 2392 dieta
505 2325 636 2408 ospello
651 2323 709 2390 fiat
724 2324 849 2408 absque
866 2324 954 2390 omni
969 2322 1088 2390 iniuria
1104 2329 1137 2389 et
1152 2319 1275 2388 lesione
1290 2339 1414 2404 eorum,

290 2438 323 2498 ot
337 2431 419 2499 illud
431 2432 488 2517 jus
503 2431 650 2499 habeant
665 2431 729 2520 ipsi
745 2431 778 2496 in
794 2432 923 2517 oupella
948 2433 1014 2498 iurn
1034 2430 1124 2498 dioto
1133 2479 1142 2513 ,
1168 2429 1255 2514 qnod
1280 2428 1314 2494 in
1340 2427 1415 2514 ipss

289 2539 423 2608 matrioe
438 2541 588 2609 Eoolesis
607 2539 730 2608 habere
755 2548 939 2608 nosountur.
972 2541 1015 2606 Et
1038 2546 1075 2606 ut
1098 2557 1234 2625 presens
1260 2533 1415 2622 seriptum

288 2648 386 2715 robur
402 2647 526 2716 habeat
540 2649 713 2732 firmitatis,
730 2648 838 2736 ipsum
853 2648 955 2716 nostri
971 2647 1071 2733 sigilli
1087 2645 1262 2714 munimine
1278 2643 1414 2712 seeimus

289 2756 489 2824 eommuniri.
520 2757 638 2824 Aotum
661 2777 748 2825 enno
773 2755 905 2824 Domini
930 2756 1105 2824 millesimo
1126 2751 1335 2824 00⁰.XXX⁰.
1351 2757 1415 2820 ter·

291 2863 350 2942 oio,
367 2884 479 2934 mense
495 2865 689 2951 Septembri.

456 3041 601 3115 (Eredetie
614 3059 632 3098 a
644 3039 860 3100 snenimertoni
873 3037 1027 3115 fispetsig
1040 3033 1261 3108 leuo'ltiribsn.)

730 3301 978 3314 ...---—---
