3222 5054
719 347 785 420 225

667 437 809 460 --c·-·

171 555 386 634 susceperunt
401 547 624 633 signaculum,
642 549 769 633 etalii,
798 547 915 632 quibus
932 547 972 616 ἰὰ
980 546 1103 616 Divina
1117 550 1233 634 gracia
1251 549 1318 618 iu«

174 655 323 745 spirabit,
339 657 373 722 in
389 657 527 754 instanti
542 653 710 742 Angusto',
726 675 790 744 quo
806 659 962 743 gencrale
978 657 1167 744 passagium
1182 663 1236 724 est
1250 657 1299 724 in·

174 763 317 851 dimum,
341 785 408 832 una
424 783 496 831 oum
512 763 585 859 ipso
601 765 820 851 Imperatore,
838 765 910 831 Deo
926 763 1009 832 duce
1018 814 1027 850 ,
1043 767 1179 834 valeant
1193 771 1299 832 nans-

172 873 296 941 fretare
313 871 523 967 adllandem,
548 873 703 942 honorem
718 879 751 940 et
766 873 904 960 gloriam
921 873 1061 962 nominis
1075 871 1251 940 Christiani
1267 879 1301 939 et

173 999 307 1048 suarum
322 981 500 1050 remedium
516 981 706 1050 animarum.
737 971 869 1048 Dictum
885 989 994 1049 autem
1010 971 1226 1069 Magistrum,
1241 981 1301 1066 qui

170 1088 247 1155 huic
262 1093 394 1176 negotio
410 1089 555 1158 totaliter
570 1111 607 1159 se
623 1089 782 1178 impendit
791 1139 806 1174 „
829 1097 862 1157 et
881 1090 1014 1162 taudem
1031 1089 1076 1157 ad
1091 1109 1150 1160 vos
1166 1096 1307 1176 propter·

170 1196 232 1264 hoc
241 1247 251 1282 ,
269 1197 398 1266 omissis
414 1199 491 1266 aliis
505 1199 647 1286 negotiis
664 1206 697 1265 et
712 1199 956 1284 impedimentis
971 1200 1179 1286 exuperatis,
1204 1219 1297 1267 acce-

173 1303 238 1392 dit,
264 1305 471 1395 universitati
495 1315 604 1376 vestre
632 1307 870 1376 studiosissime
899 1307 1179 1394 commendamus,
1208 1308 1301 1396 cuius

173 1412 381 1498 prudentiam
407 1401 441 1484 et
465 1417 553 1484 circa
573 1416 678 1505 ipsum
694 1418 858 1501 ncg'otinm
873 1424 1089 1512 terresancte
1105 1413 1300 1484 sollicitudi-

172 1540 246 1588 nem
270 1521 364 1591 vobis
390 1525 555 1610 exponere
581 1545 640 1593 seu
655 1525 893 1592 ‘commendare
918 1523 1115 1611 superfluum
1138 1523 1303 1610 reputari·

173 1649 243 1698 uuus
253 1680 263 1716 ,
290 1649 362 1698 cum
387 1631 571 1702 laudabilia
597 1633 688 1700 iacta
712 1633 781 1700 eius
796 1634 901 1719 ipsum
918 1633 1071 1701 habunde
1086 1629 1253 1698 notificent
1268 1635 1302 1697 et

175 1739 550 1808 commentariensium
567 1737 724 1808 Laterani
739 1743 797 1808 III.
814 1739 1178 1821 lunilacunensium
1195 1734 1253 1804 XI.

281 1848 322 1914 In
337 1863 365 1913 e.
379 1867 421 1914 m.
438 1849 476 1913 Α.
492 1849 616 1915 Illustri
631 1849 715 1936 Regi
740 1849 887 1934 Ungarie
910 1866 1013 1934 usque
1043 1849 1248 1931 instaurare,
1269 1849 1303 1912 te

175 1955 231 2040 qui
245 1954 289 2024 ab
304 1955 381 2022 olim
396 1963 549 2043 suscepto
566 1953 672 2025 crucis
688 1959 857 2043 signaculo
873 1957 922 2024 illi
938 1957 1079 2025 militare
1094 1954 1226 2040 novisti,
1244 1950 1311 2037 qni*

175 2081 234 2149 pro
249 2071 284 2129 te
298 2064 334 2129 in
348 2065 457 2132 crucis
468 2064 618 2151 patibulo
636 2065 797 2148 militavit,
815 2083 980 2150 rogamus,
996 2079 1164 2136 monemus
1180 2069 1213 2130 et
1229 2060 1300 2129 luor-

176 2177 283 2238 matur
298 2178 445 2253 atteme,
461 2175 502 2243 ac
517 2195 577 2260 per
592 2175 816 2259 aspersionem
832 2173 1001 2259 sanguinis
1017 2173 1099 2242 lesu
1116 2169 1238 2238 Christi
1253 2169 1301 2236 ni·

177 2278 369 2348 chilomlnus
385 2280 609 2367 exhortantes,
620 2283 774 2378 quatinus
791 2283 901 2349 taliter
914 2295 1093 2369 preparare
1108 2285 1140 2347 te
1157 2277 1309 2364 studeas,¹

177 2388 264 2473 quod
279 2389 462 2458 iniustanti
478 2391 628 2477 Augusto
641 2442 661 2476 ,.
677 2411 740 2476 quo
767 2391 921 2476 gencrale
945 2386 1138 2475 passagium
1155 2391 1206 2454 est
1220 2383 1300 2451 indi·

177 2503 278 2582 ctum,
294 2499 429 2584 valeas,
445 2501 517 2569 Deo
532 2498 632 2588 duce,
649 2499 788 2584 feliciter
803 2497 1036 2582 transfretare,
1052 2501 1242 2582 recepturus
1259 2510 1300 2560 ex

177 2603 239 2672 hoc
260 2607 401 2692 gratiam
425 2609 459 2675 in
484 2607 628 2694 presenti
645 2613 677 2675 et
692 2605 830 2694 gloriam
844 2607 878 2672 in
894 2607 1009 2674 futuro.
1041 2603 1173 2672 Dictum
1189 2605 1300 2670 autem

178 2713 372 2800 Magistrum
397 2723 459 2786 etc.
484 2736 586 2802 usque
602 2719 636 2784 iu
650 2715 766 2802 finem,
793 2715 901 2807 uerbis
918 2714 1140 2802 competenter
1154 2709 1298 2779 mutatis.
1377 2727 1388 2750 ·

250 2909 312 2982 (ΙΙΙ.
332 2911 477 2970 Honorius
494 2909 570 2986 ptpa
586 2909 772 2984 aegesttibol
791 2907 916 2968 Theiuer
934 2905 978 2980 id.¹
991 2905 1028 2966 r'n.
1048 2907 1070 2964 l.
1089 2908 1117 2964 k.
1136 2907 1179 2965 71.
1197 2906 1241 2981 l.)·.

609 3173 855 3196 μανέεται-ι.-

238 4780 340 4832 flolllll
354 4785 435 4830 nunu.
448 4775 513 4828 fflS'l'.
521 4801 550 4816 -
557 4781 626 4824 ΗΠΒ.
640 4782 662 4825 8·
