3222 5054
782 341 941 447 333-
1034 349 1035 352 ,

300 557 439 608 necnon
462 541 632 608 libertates
650 547 683 607 et
701 544 930 631 exempciones
955 543 1150 611 secularium
1173 548 1379 614 exactionum
1401 567 1423 614 a

301 649 444 734 Regibus
460 655 494 714 et
509 649 714 734 Principibus
729 653 783 717 vel
799 651 878 737 alijs
895 649 1064 738 fidelibus;
1086 651 1275 738 specialiter
1290 673 1310 720 a
1325 655 1423 723 beate

299 757 453 822 memorie
468 757 561 842 Rege
577 755 744 843 Stephano
759 758 1005 828 racionabiliter
1020 761 1115 827 nobis
1132 760 1296 846 indultas,
1313 770 1424 831 aucto-

298 869 395 936 ritate
410 865 602 952 Apostolica
619 865 860 952 confirmamus,
881 875 916 934 ct
934 871 1097 955 presentis
1114 871 1227 956 scripti
1247 871 1420 955 priuilegio

299 975 541 1045 communimus.
567 973 646 1042 Paci
662 993 791 1058 qnoque
810 983 844 1042 et
867 979 1099 1061 tranquillitati
1120 985 1230 1047 nostre
1246 981 1356 1064 patria
1372 980 1421 1046 in·

296 1092 460 1171 posterum
477 1080 692 1149 sollicitudine
707 1081 880 1165 prouidere
895 1085 1053 1169 uolentes,
1070 1085 1263 1150 auctoritate
1278 1087 1419 1172 Aposto-

297 1194 364 1260 lica
382 1192 601 1278 prohibemus,
624 1197 659 1256 ut
681 1188 767 1255 inira
782 1191 952 1259 clausuras
968 1193 1114 1259 locorum
1138 1212 1196 1259 seu
1211 1195 1422 1277 grangiarum

298 1308 501 1384 uestrarum,
526 1299 633 1365 nullus
658 1297 793 1382 rapinas
816 1317 875 1364 sen
899 1299 1017 1366 furtum
1041 1301 1162 1382 facere,
1189 1301 1299 1384 ignem
1321 1320 1420 1388 appo·

298 1400 602 1491 nere,'saugninem
621 1405 766 1490 fundere,
790 1404 954 1474 hominem
981 1415 1104 1474 temere
1122 1410 1309 1494 eapere·uel
1326 1409 1422 1475 inter-

298 1518 406 1604 ficere,
431 1536 488 1584 seu
507 1515 703 1582 violenciam
721 1515 843 1581 audeat
859 1535 1023 1584 exercere.
1048 1519 1265 1584 Decernimus
1281 1537 1368 1601 ergo,
1386 1525 1421 1584 ut

297 1627 378 1692 nulli
394 1625 523 1691 omuino
542 1625 706 1689 homiuum
728 1622 828 1688 liceat
851 1623 1014 1708 prefatum
1037 1623 1272 1693 Monasterinm
1295 1631 1416 1692 temere

297 1735 503 1821 perturbare,
534 1737 590 1798 aut
613 1731 682 1797 eius
705 1734 934 1816 possessiones
958 1733 1110 1817 auferre,
1134 1735 1188 1801 vel
1218 1735 1349 1801 ablatas
1373 1753 1422 1800 rc·

297 1845 414 1927 tinere,
438 1843 594 1924 minuere,
619 1860 676 1908 seu
700 1841 900 1924 quibuslibet
922 1841 1151 1909 vexationibus
1174 1842 1335 1928 fatigare;
1360 1841 1420 1909 sed

297 1954 405 2019 omnia
420 1951 548 2035 integra
565 1955 796 2016 conseruentur
811 1967 920 2015 eorum
929 2000 938 2036 ,
955 1970 1013 2033 pro
1031 1969 1164 2035 quorum
1181 1951 1420 2033 gubernatione

297 2081 336 2126 ac
361 2058 605 2126 sustentacione
630 2075 789 2124 concessa
814 2063 890 2122 sunt
916 2057 1029 2123 usibus
1055 2058 1202 2123 omnibus
1229 2057 1419 2144 profutura;

297 2169 393 2235 salua
416 2166 511 2232 Sedis
527 2165 717 2248 Apostoliec
741 2167 944 2230 auctoritate.
969 2163 1022 2230 Ad
1044 2163 1105 2230 hec
1122 2165 1271 2248 mitram,
1291 2165 1418 2250 uirgam

296 2275 514 2360 pastoralem;
532 2293 626 2339 usum
643 2271 754 2338 annuli
770 2272 865 2339 uobis
882 2273 1064 2356 uestrisque
1080 2273 1327 2340 successoribus
1346 2293 1419 2339 con·

297 2383 463 2448 cessimus.
488 2383 610 2464 Siqua
632 2379 730 2462 igitur
752 2381 786 2444 iu
809 2379 950 2446 luturum
971 2381 1197 2450 ecclesiastica
1219 2379 1419 2450 secularisuc

295 2511 437 2576 persona
465 2491 552 2556 haue
577 2496 690 2556 nostre
716 2489 953 2555 constitutionis
984 2491 1141 2574 paginam
1172 2491 1281 2558 sciens
1307 2496 1420 2558 contra

296 2619 369 2667 eam
385 2605 505 2667 temere
521 2596 632 2662 uenire
647 2597 872 2681 temptauerit3
891 2595 1044 2676 secundo,
1056 2597 1200 2664 tercioue
1214 2597 1418 2676 commonita,

296 2707 361 2773 nisi
384 2713 510 2771 reatum
535 2724 630 2772 suum
646 2723 791 2789 congrua
814 2701 1039 2770 satisfactione
1055 2705 1252 2786 correxerit,
1275 2709 1419 2791 potesta·

295 2815 353 2899 tis,
368 2813 565 2897 honorisque
582 2813 633 2880 sui
650 2812 810 2897 dignitate
825 2819 956 2897 careat;
978 2833 1133 2898 reamque
1149 2832 1186 2879 se
1201 2813 1323 2880 Diuino
1339 2811 1419 2878 iudi·

296 2923 347 2989 cio
363 2923 504 2989 existere
520 2924 561 2989 de
577 2925 767 3006 perpetrata
790 2919 964 3002 iniquitate
987 2928 1188 3004 cognoscat,
1214 2927 1247 2986 et
1267 2939 1287 2986 a
1303 2921 1419 2986 Sacra-

295 3031 423 3096 tissime
441 3030 585 3114 Corpore
602 3048 642 3094 ac
657 3027 824 3110 Sanguine
839 3027 903 3092 Dei
919 3034 952 3092 et
968 3028 1090 3097 domini
1113 3027 1341 3113 Redemptoris
1363 3047 1420 3094 no-

295 3139 355 3204 stri
370 3134 465 3222 (Jesu
482 3135 617 3222 Christi)
642 3136 751 3202 aliena
772 3133 847 3218 fiat,
872 3140 969 3218 atque
993 3137 1027 3200 in
1044 3141 1191 3202 extremo
1208 3137 1359 3203 examine
1374 3134 1419 3200 di-

294 3245 406 3314 stricte
422 3245 591 3312 subiaceat
613 3243 737 3310 ultioni.
762 3241 895 3308 Cunctis
919 3250 1029 3309 autem
1046 3243 1153 3310 eidem
1176 3243 1248 3311 loco
1266 3263 1327 3310 sua
1349 3243 1419 3309 iura

294 3355 501 3422 seruantibus
518 3355 561 3420 sit
584 3369 650 3435 pax
668 3351 798 3416 Domini
812 3348 893 3416 Jesu
909 3351 1047 3436 christi,
1068 3351 1220 3435 quatinus
1236 3359 1270 3417 ct
1284 3351 1339 3418 hic
1355 3349 1418 3416 fru-

295 3471 379 3531 ctum
404 3465 490 3532 bone
514 3461 653 3528 actionis
676 3459 878 3546 percipiant,
903 3467 936 3526 ct
960 3458 1049 3546 apud
1072 3459 1255 3528 districtum
1280 3459 1417 3528 iudicem

294 3574 419 3656 premia
435 3578 546 3638 eterne
562 3567 656 3654 pacis
672 3568 851 3634 inueniant.
867 3567 981 3634 Amen.
997 3569 1112 3635 Amen.

509 3675 559 3765 (R
583 3671 640 3762 n.)
963 3671 1203 3764 (raparpgy.)

402 3787 530 3870 †Ego
554 3783 802 3869 Gregorius
828 3781 1066 3851 catholice
1089 3783 1302 3852 Ecclesie
1325 3781 1417 3870 Epi-

294 3919 338 3967 se
351 3913 470 3983 opus.
496 3913 541 3962 ss.
732 3903 737 3908 '

402 4009 423 4087 †
440 4005 513 4088 Ego
528 4000 696 4072 Johannes
713 4001 888 4068 Sabinensl
903 4001 1096 4086 Episcopus.
1116 4019 1159 4067 ss.

400 4113 511 4198 'uligo
528 4111 672 4179 lacobus
688 4111 896 4177 Tusculanus
912 4109 1106 4196 Episcopus.
1123 4128 1168 4177 ss.

400 4225 421 4302 †
437 4223 508 4306 Ego
523 4219 669 4288 Thomas
685 4225 720 4286 tt.
738 4219 856 4286 Sancte
868 4219 990 4288 Sabine
1005 4219 1147 4287 Presbit.
1158 4215 1355 4286 Cardinalis.
1372 4235 1415 4284 ss.

399 4333 512 4417 'sllgo
535 4329 702 4398 lohannes
725 4334 761 4395 tt.
785 4328 907 4398 Sancte
930 4327 1089 4396 Praxedis
1114 4327 1282 4394 Presbiter
1305 4323 1415 4394 (lardi-

291 4439 387 4507 nalis.
411 4459 456 4506 ss.

398 4545 505 4629 †Ego
527 4545 754 4613 Bartolcmeus
779 4545 901 4612 Sancte
924 4541 1128 4612 Pudentiane
1151 4541 1316 4612 Presbiter
1334 4539 1414 4610 Oar-

292 4647 419 4718 dinalis.
444 4671 488 4719 ss.
