3222 5054
785 318 944 433 ἐξὲ-

824 805 901 870 ltu.

317 986 363 1050 ΙΙ.
384 985 493 1051 mere
507 984 615 1074 kirtly
631 1008 651 1050 a
660 984 892 1072 pennonhalmi
911 984 1148 1049 emt-mmmm·
1156 981 1405 1072 ftaptnepnat

535 1091 628 1158 Bilta
643 1093 797 1180 helyrtpet
812 1091 1053 1178 adomdnpozea.
1070 1092 1169 1158 1231.

399 1271 550 1340 Andreae
559 1271 623 1338 Dei
638 1269 753 1358 grania
764 1272 837 1340 Rex
846 1271 1016 1356 Hungnrie
1033 1269 1196 1338 uniuersis
1212 1269 1333 1354 quibus
1349 1289 1421 1355 pre·

292 1399 370 1455 sene
385 1380 511 1467 pagine
526 1381 669 1466 patuerit
685 1381 826 1447 salutem
852 1385 885 1446 et
904 1398 1003 1452 omne,
1015 1379 1144 1444 bonum.
1176 1379 1256 1444 Cum
1273 1397 1333 1462 en,
1357 1397 1421 1462 qne

290 1489 396 1574 Regia
411 1487 537 1555 confert
553 1489 605 1556 uel
620 1485 789 1556 confirmet
799 1491 978 1557 auotoritas
991 1491 1100 1571 legum
1111 1487 1315 1574 imperatrix,
1325 1489 1421 1554 salue

291 1615 422 1682 semper
438 1600 471 1662 et
485 1595 684 1663 ineoneueen
698 1615 893 1681 permanere
905 1596 1068 1682 debeant5
1083 1595 1291 1682 presentibus
1306 1615 1347 1662 ne
1363 1614 1419 1680 po,

293 1703 388 1772 eteris
405 1711 515 1772 netum
530 1723 605 1772 enee
620 1705 786 1782 uolumus,
808 1703 894 1788 qnod
908 1723 969 1772 noe
986 1705 1028 1772 ob
1044 1704 1223 1772 remedium
1239 1703 1347 1770 anime
1362 1723 1419 1770 ne·

291 1821 360 1878 stre
383 1818 503 1879 terrum
528 1812 692 1896 quandam
717 1811 849 1879 nomine
867 1811 955 1878 Billa
970 1809 1013 1878 de
1028 1811 1216 1898 angegeur
1232 1817 1418 1897 exceptam,
1442 1901 1445 1904 Ι

293 1937 365 1988 eum
383 1919 578 1989 molendinis
594 1927 627 1988 et
642 1921 760 1989 fenetie
775 1939 875 2006 snper
891 1921 1123 2004 eundemeitie,
1134 1939 1208 1987 cum
1218 1918 1343 1987 eisdem
1352 1927 1415 1986 ter-

290 2029 388 2096 minis
414 2036 448 2096 et
471 2029 567 2096 metis
577 2079 587 2114 ,
611 2035 646 2096 et
665 2047 737 2095 enm
755 2029 982 2096 eaetreneibnn
998 2027 1136 2094 eandem
1152 2035 1272 2094 terrem
1289 2026 1416 2094 inhabi-

289 2136 444 2219 tantibus,
463 2136 663 2204 Menanterin
682 2136 796 2202 Sancti
813 2135 946 2202 Martini
970 2135 1012 2202 de
1033 2136 1145 2202 Monte
1161 2135 1340 2220 Pannonio,
1355 2123 1426 2222 pre

289 2243 629 2311 doteindedieueione
647 2244 792 2312 eiusdem
802 2244 994 2328 Menanterij
1006 2243 1249 2329 compromissa,
1260 2244 1331 2312 iure
1342 2263 1414 2330 per·

288 2356 385 2436 petuo
397 2351 592 2418 contulimus
602 2349 907 2439 possidendn(igy);
927 2353 1414 2439 innuineterreposeeueionem

287 2479 346 2545 per
362 2458 516 2526 dilectum
532 2465 573 2524 et.
581 2457 711 2525 fidelem
728 2461 882 2526 elerienm
898 2469 1043 2528 nostrum
1054 2460 1245 2544 magistrum
1257 2459 1413 2530 Pinndum

288 2567 483 2633 anctoritate
499 2572 613 2634 nostra
628 2565 787 2636 intrednei
802 2568 973 2636 fatientes.
983 2567 1025 2634 nt
1036 2574 1069 2634 nt
1078 2569 1138 2635 hee
1149 2576 1261 2636 nostra
1271 2568 1410 2636 donacio

288 2674 409 2741 nostrin
432 2679 680 2759 nostrorumque
706 2695 929 2748 sneeeneorum
956 2677 1156 2763 temporibus
1171 2682 1327 2764 perpetue
1346 2685 1411 2744 eta·

288 2779 427 2848 bilitetis
442 2781 540 2848 robur
555 2783 704 2867 optineat
713 2831 723 2868 ,
740 2791 910 2869 presentes
926 2785 1148 2854 concessimus
1164 2785 1293 2852 litterae
1308 2786 1412 2873 dupli·

289 2888 337 2957 eis
353 2887 455 2974 sigilli
470 2891 572 2956 nostri
589 2893 763 2958 munimine
778 2893 962 2960 roboratas.
994 2891 1116 2960 Datum
1141 2912 1225 2959 enne
1241 2893 1412 2961 Dominiee

290 2997 535 3064 Ineerneeienie
551 2994 724 3066 millesimo
740 2998 977 3086 cc⁰xxx⁰1⁰.,
994 2999 1099 3084 Regni
1114 3019 1192 3070 nero
1208 3001 1311 3070 nentri
1325 3020 1411 3069 enno

288 3097 444 3174 vicesimo
460 3111 588 3173 oetano.

294 3281 297 3292 “
405 3328 409 3336 .
449 3279 596 3354 (Enedetie
613 3299 631 3336 a
650 3299 691 3338 tn.
709 3283 833 3340 mtrtoni
851 3283 1001 3356 itepeteig
1019 3281 1239 3359 levtlttrtnun.)

715 3549 963 3562 a————..-—.
