3214 5072
514 959 635 1046 carpo
657 937 739 1022 naeu
759 959 858 1026 aaa
880 959 1099 1046 capannore.
1114 964 1213 1028 1152.

415 1140 534 1208 Notum
560 1138 604 1204 sit
627 1145 695 1206 tam
725 1138 932 1224 presentibus
962 1158 1057 1224 quam
1088 1139 1194 1208 lature
1224 1145 1428 1229 posteritatis

311 1247 469 1316 omnibus.
508 1247 603 1316 Anno
633 1247 804 1314 Dominloc
835 1249 1078 1318 lncarnaciouis
1107 1250 1238 1320 MGLH.
1269 1261 1430 1340 regnante

311 1355 424 1442 (lapsa
453 1375 519 1425 vna
543 1376 625 1424 cum
650 1355 800 1424 filiosuo
826 1357 993 1443 Stephano
1012 1356 1120 1426 Duce.
1141 1359 1213 1446 Ego
1229 1359 1429 1448 Margareta,

311 1465 471 1534 viciorum
485 1462 616 1532 macula
632 1463 745 1528 mulier
760 1462 904 1550 sordida,
924 1484 1046 1533 memor
1069 1464 1268 1534 decessionis
1279 1549 1282 1558 Ι
1293 1488 1366 1538 mec
1389 1487 1432 1536 cx

311 1573 375 1638 boc
390 1573 511 1639 seculo.
536 1570 688 1638 Graviter
704 1570 776 1638 uisa
792 1577 869 1638 sunt
891 1577 1039 1657 peccata,
1056 1572 1086 1638 si
1102 1571 1184 1639 lorte
1209 1584 1430 1662 preoccupata

312 1688 416 1748 morte
445 1679 635 1749 facultatem
664 1699 770 1748 meam
801 1676 984 1746 inordinate
1013 1679 1247 1768 relinquerem,
1272 1683 1358 1767 qnod
1388 1705 1430 1752 ne

314 1791 525 1876 contingeret,
553 1789 666 1856 vivens
690 1786 807 1872 adbuc,
842 1788 1045 1872 salutarique
1075 1787 1186 1858 fruens
1214 1793 1432 1878 regetacione

316 1918 373 1968 eas
388 1899 459 1966 Deo
475 1898 663 1984 adjumntc,
679 1905 713 1964 ot
729 1917 839 1964 coram
855 1897 1167 1994 omniummnobilium
1195 1903 1432 1970 consencienti-

316 2009 387 2093 bus,
413 2007 542 2075 scilicet
566 2005 723 2091 Martyria
749 1987 1016 2092 Archicpi's'c'o‘po,
1042 2005 1139 2074 Bolos
1163 2007 1265 2094 Bano,
1281 2011 1357 2098 Apa
1372 2012 1432 2078 Co-

274 2105 278 2116 ’
314 2119 403 2202 mite,
434 2117 587 2186 Heidrioo
618 2115 742 2183 Guriali
774 2113 899 2182 domita
929 2117 977 2184 sic
1001 2115 1160 2201 ordinavi,
1179 2122 1216 2192 vt,
1231 2119 1432 2204 subsequens

315 2245 421 2295 sermo
446 2224 589 2308 indicat,
613 2223 789 2291 videlicet:
812 2224 952 2290 Martino
976 2224 1113 2294 filiastro
1137 2246 1209 2294 mco
1230 2227 1273 2294 do
1289 2235 1356 2295 tres
1370 2228 1433 2294 bo-

316 2333 421 2400 mines
437 2332 544 2418 (luka,
570 2331 723 2416 Vosonci,
750 2331 883 2418 Kaska3
908 2339 941 2400 et
956 2335 1048 2400 uxori
1074 2335 1144 2432 cius
1167 2355 1264 2402 vnarn
1288 2338 1434 2423 puellam

317 2443 448 2511 nominc
463 2441 633 2530 Ayanduc.
657 2443 739 2509 Item
767 2441 903 2510 cdncaui
925 2444 1099 2526 quamdam
1124 2445 1272 2514 orbatam
1297 2451 1435 2532 parente

316 2561 482 2637 umquam
498 2550 608 2636 liliam,
623 2551 700 2618 buio
709 2551 750 2618 do
761 2554 845 2620 duas
859 2553 999 2620 cortinas
1010 2575 1018 2640 ;
1030 2573 1126 2620 vnum
1141 2554 1261 2623 monile
1273 2578 1281 2640 ς
1292 2555 1433 2622 duoma-

317 2662 438 2729 tatoria
453 2661 486 2728 in
501 2679 634 2744 aurum;
658 2658 739 2727 dnos
766 2661 905 2728 annulos
929 2678 1000 2724 oum
1026 2659 1123 2726 viridi
1147 2660 1271 2752 lapide,
1297 2661 1435 2730 altorum

316 2791 388 2838 cum
403 2769 525 2854 lorido;
551 2775 583 2836 et
599 2775 665 2836 tros
681 2767 826 2836 homines
841 2769 968 2836 scilicet
982 2749 1262 2856 Arv'aj'b‘eguney,
1291 2770 1433 2855 Fcheua,

318 2881 489 2948 ebalum
514 2879 555 2946 de
583 2880 707 2962 scrico;
731 2879 873 2962 quinqua
902 2877 1064 2944 mensalia
1104 2899 1181 2966 cum¹
1205 2880 1438 2964 manutergiis;

318 2988 418 3055 tclam
435 2970 644 3076 ducentarum
670 2986 831 3068 ulnarum.
855 2986 1004 3058 Ecclesia
1020 3005 1096 3053 vcro
1113 2987 1209 3054 Beati
1225 2986 1365 3072 Martini,
1381 2985 1437 3053 vbi

319 3077 471 3180 sepeliar,
488 3093 530 3162 do
547 3093 628 3160 duas
644 3094 788 3161 familias
803 3092 846 3160 ad
862 3099 976 3160 aratra
990 3113 1062 3160 cum
1078 3099 1151 3160 octo
1180 3087 1293 3179 bobus,
1322 3101 1355 3160 et
1380 3093 1436 3159 dc·

321 3222 391 3270 com
407 3203 528 3288 vaccis,
544 3211 576 3269 ct
591 3210 718 3270 centum
735 3203 867 3286 ovibus,
890 3221 1023 3284 quorum
1050 3203 1184 3268 nomina
1207 3209 1282 3269 sunt
1309 3201 1437 3287 Kbuob,
1462 3198 1469 3289 l

320 3321 352 3378 et
367 3312 474 3396 Seka3
499 3319 532 3378 et
548 3311 628 3379 duos
654 3313 846 3397 pulsatores,
871 3311 997 3376 scilicct
1022 3311 1137 3395 Vosos,
1164 3310 1257 3395 Foth,
1282 3317 1316 3377 et
1340 3331 1437 3377 vnum
1468 3298 1472 3353 ἴ

322 3420 490 3487 cortinam.
519 3421 637 3486 Iterum
662 3417 703 3485 do
719 3419 856 3486 liberum
872 3418 1002 3484 nomine
1018 3420 1157 3500 Petrum,
1176 3438 1247 3484 oum
1263 3418 1367 3484 tribus
1385 3439 1438 3484 ca-

320 3531 459 3616 pitibus3
485 3529 535 3594 oui
552 3526 592 3593 do
609 3547 704 3593 vnum
721 3527 837 3594 bovem
863 3532 896 3592 ct
916 3526 1027 3594 decem
1044 3546 1133 3610 oves,
1150 3526 1241 3593 cuius
1267 3526 1436 3594 servitium

323 3659 387 3705 non
403 3637 494 3704 aliud
513 3637 565 3720 sit,
591 3637 654 3703 nisi
679 3634 874 3718 in'singulis
904 3635 1009 3718 annis,
1041 3633 1166 3702 scilicet
1197 3634 1229 3699 in
1261 3634 1440 3703 festivitate

320 3748 434 3816 Sancti
450 3745 622 3814 Michaelis
637 3744 804 3830 persolvat
818 3743 966 3812 Ecclesia
981 3745 1149 3813 duodecim
1174 3745 1321 3813 ulnarum
1348 3752 1438 3828 tape-

320 3855 459 3930 tum..lbr
473 3853 594 3922 Abbati
611 3851 753 3928 eiusdem
769 3851 918 3919 coenobii
934 3853 976 3919 do
992 3873 1126 3922 auream
1143 3860 1293 3924 catenam
1311 3861 1439 3942 septem

321 3963 440 4033 marcis
456 3964 682 4051 ponderatam,
706 3981 765 4049 pro
790 3960 879 4028 mille
904 3963 1012 4029 missis
1038 3962 1255 4048 celebrandis,
1282 3961 1369 4046 quod
1393 3963 1442 4028 fa·
1503 4013 1506 4021 .
1551 3971 1555 3984 '

322 4075 388 4141 ciat
404 4094 475 4141 oum
491 4073 604 4140 timore
621 4069 694 4155 Dei,
711 4077 808 4157 prout
824 4071 895 4156 ipse
911 4071 1094 4138 laciendum
1118 4073 1261 4158 nouerit,
1286 4073 1441 4139 fratribus

196 4195 199 4200 “
322 4201 400 4248 vcro
415 4181 536 4267 grisias
560 4181 676 4268 pelles.
701 4183 783 4246 Item
799 4181 841 4247 do
858 4187 924 4248 tres
942 4179 1083 4247 familias
1099 4182 1143 4248 ad
1161 4181 1366 4248 seruiendum
1383 4200 1442 4266 pro

323 4309 375 4356 me
390 4290 528 4375 singulis
544 4289 649 4374 annis,
666 4309 800 4374 quorum
823 4289 964 4356 nomina'
985 4293 1061 4356 sunt
1090 4287 1234 4374 Fergadi
1266 4308 1338 4354 cum
1367 4273 1443 4355 liliis

323 4397 400 4481 suis,
417 4403 450 4463 ot
464 4398 606 4466 lacobus
622 4405 657 4466 et
671 4397 837 4485 Tcngardi
854 4417 925 4466 cum
943 4416 1005 4466 vno
1025 4397 1107 4464 bovc
1132 4403 1164 4463 et
1179 4397 1283 4466 tribus
1307 4395 1444 4486 ovibus,
1486 4393 1491 4407 '

324 4507 358 4569 et
381 4503 486 4571 tribus
503 4505 685 4591 anseribus,
701 4513 734 4573 et
750 4525 810 4572 sex
827 4505 970 4592 gallinis,
987 4512 1022 4572 ot
1037 4505 1102 4573 XX
1120 4503 1214 4572 idriis
1242 4505 1390 4592 cervisie,
1414 4509 1447 4572 ct

325 4609 378 4680 cc
394 4611 555 4700 panibus,
580 4619 614 4680 et
628 4614 800 4700 unicuique
816 4615 943 4682 illorum
959 4615 1001 4683 do
1017 4615 1099 4684 duos
1114 4615 1222 4710 boves,
1242 4623 1275 4684 et
1299 4617 1330 4684 V·
1354 4633 1444 4684 orca
