3214 5072
642 275 800 437 Q

691 811 747 877 58.

164 969 257 1058 Poro
274 991 396 1056 cadoci
410 991 488 1080 aptit
498 1011 519 1052 o
531 989 757 1076 ponuoobalmi
772 989 994 1053 ezentmdrtcoi
1011 988 1177 1076 apcitodpot
1192 1011 1213 1053 α
1229 1013 1278 1053 cu-

163 1101 242 1164 siaci
264 1098 399 1163 kolomor
412 1097 556 1183 jopairdl
579 1099 610 1161 es
631 1093 887 1182 azabadscpuirct
917 1097 1042 1161 meets.
1068 1097 1155 1160 1210
1177 1095 1278 1162 butt.

266 1273 412 1362 P(etrus)
428 1276 490 1342 Dei
509 1276 617 1361 gretia
640 1275 825 1359 Monasterij
852 1275 1049 1344 venerabilis
1075 1276 1188 1344 Sancti
1217 1278 1278 1342 Be·
1387 1313 1395 1333 ·

164 1386 285 1454 nedicti
300 1383 506 1452 cassinensis
522 1383 646 1467 Abbes,
673 1389 705 1450 et
730 1389 815 1452 totns
841 1382 987 1468 ejusdem
1012 1383 1168 1470 Coenobij
1195 1386 1279 1456 Gon·

164 1501 287 1578 ventus,
304 1492 494 1578 bionasterij
511 1491 624 1558 Sancti
639 1491 771 1558 Martini
786 1490 829 1556 de
845 1492 956 1557 Monte
972 1491 1163 1558 Pannoniae
1176 1493 1279 1559 Vene-
1375 1493 1378 1501 '

164 1599 256 1667 rabili
271 1599 404 1682 Abbati,
421 1605 453 1663 et
467 1597 565 1664 totius
582 1595 728 1681 ejusdem
753 1597 1116 1683 OoenobijUGonventui,
1142 1602 1280 1670 salntem

164 1713 197 1774 et
219 1708 385 1774 orationes
410 1707 442 1771 in
467 1707 618 1774 Domino.
652 1707 799 1781 Nuncius
815 1707 931 1775 'vestre
956 1707 1168 1776 fraternitatis
1192 1711 1282 1780 venit

163 1817 291 1896 adnos,
308 1815 481 1882 sciscitans
499 1813 639 1899 anobis,
656 1819 689 1880 et
704 1813 849 1900 studiose
863 1815 1057 1901 perquirens
1073 1815 1114 1883 de
1130 1815 1280 1884 libertato

164 1931 196 1991 et
210 1923 395 2008 privilegijs
411 1923 542 2014 nostris.
577 1923 671 2001 Quae
687 1921 762 1988 dum
786 1923 817 1989 ei
843 1903 1041 2010 non'panca
1064 1923 1280 1994 demonstras·

164 2051 290 2117 semus;
318 2050 404 2114 qnae
421 2029 461 2097 de
478 2029 599 2098 eisdem
615 2029 658 2095 ad
674 2029 892 2112 testimonium
907 2031 1097 2098 abtinebant
1120 2029 1282 2126 libertatis

163 2137 356 2224 monasterij
383 2139 501 2220 vestri,
527 2135 667 2204 stridit
682 2144 725 2214 ‚et
749 2138 844 2204 scivit
871 2157 944 2206 esse
970 2138 1205 2223 conuenientia,
1229 2160 1278 2206 re·

163 2248 260 2316 scribi
274 2245 421 2328 fecimus,
441 2253 477 2313 et
498 2245 589 2312 bulla
618 2252 731 2314 nostra
760 2247 888 2314 bullata
918 2245 1115 2314 fraternitati
1146 2253 1277 2318 vestrae

163 2357 412 2424 transmisimus.
429 2354 479 2422 De
495 2356 777 2422 constitutionibus
801 2361 910 2424 autem
936 2363 969 2423 et
994 2355 1279 2426 consuetudinibus

163 2465 242 2532 cleri
258 2470 293 2530 et
307 2463 414 2548 plebis
429 2467 560 2530 nostrae
577 2464 790 2531 exterioribus
806 2482 866 2530 nos
882 2463 1108 2550 interroganti,
1128 2461 1279 2532 diximus.

163 2571 246 2652 Quia
260 2589 322 2637 nos
337 2568 496 2636 habemus
513 2571 685 2637 sacristam
700 2577 858 2657 nostrum,
875 2573 930 2655 qui
954 2590 1148 2638 oeconomus
1171 2579 1281 2641 noster

165 2689 223 2761 est,
239 2687 272 2746 et
283 2679 413 2764 judicat
430 2685 462 2745 et
477 2680 610 2746 discutit
625 2685 729 2746 totum
756 2679 887 2761 olerum,
900 2686 934 2746 et
947 2679 1103 2767 populum
1133 2685 1279 2748 nostrum

165 2787 205 2853 de
221 2787 583 2874 spiritualibus,potest
598 2793 631 2854 et
645 2807 753 2874 poena
780 2788 954 2874 pecunaria
978 2788 1117 2856 multare
1142 2789 1280 2855 multan-

164 2895 233 2979 dos,
247 2894 347 2961 habet
362 2900 560 2980 potestatem
576 2895 877 2963 excommunicandi
893 2903 926 2962 et
941 2893 1102 2963 solvendi.
1112 2895 1280 2963 Habemus

165 3013 196 3072 et
219 3004 479 3088 Praepositoset
494 3003 802 3091 Archipresbyteros
823 3011 952 3074 nostros
972 3005 1006 3072 in
1032 3005 1217 3072 ciuitatibus
1248 3009 1282 3070 et

164 3117 196 3181 in
211 3111 358 3178 castellis
378 3111 499 3178 nostris
515 3111 548 3176 in
564 3117 631 3177 toto
655 3111 734 3178 orbe
757 3117 918 3178 terrarum
942 3111 1134 3194 constitutis,
1160 3111 1216 3195 qui
1239 3111 1281 3177 si·

165 3220 282 3288 militer
298 3219 473 3286 discutiunt
488 3218 641 3305 populum
657 3227 801 3286 nostrum
817 3218 857 3286 de
874 3219 1022 3286 omnibus
1047 3218 1279 3304 spiritualibus,

166 3336 196 3394 et
209 3335 348 3414 possunt
363 3329 485 3394 collata
500 3349 522 3394 a
537 3328 631 3394 nobis
654 3333 816 3412 potestate
841 3328 921 3393 dare
946 3327 980 3392 in
1005 3345 1064 3392 eos
1085 3327 1280 3392 sententiam

164 3439 235 3504 sire
250 3436 292 3502 de
308 3433 523 3520 matrimonijs
539 3437 609 3502 sire
625 3435 665 3500 de
690 3433 840 3519 diuortijs
865 3435 948 3499 inter
973 3433 1162 3518 conjunges,
1186 3451 1279 3499 exce·

164 3547 228 3630 ptis
253 3542 433 3628 homicidJs.
458 3539 551 3619 Quod
576 3543 651 3625 qnia
674 3541 841 3608 rarissime
867 3538 957 3625 apud
980 3539 1111 3627 plebem
1135 3545 1278 3606 nostram

166 3651 334 3738 contingit,
351 3653 429 3736 quin
445 3649 528 3719 sorte
544 3651 573 3717 si
589 3649 754 3736 contingit,
771 3669 831 3716 nos
848 3655 880 3716 et
895 3649 995 3716 nostri
1009 3649 1279 3736 noninjungimus

166 3763 212 3828 eis
226 3761 471 3847 poenitentiam,
488 3759 549 3826 sed
564 3761 718 3826 mittimus
735 3757 778 3824 ad
794 3755 911 3824 Sedem
937 3755 1171 3843 Apostolicam.
1202 3757 1278 3823 Per·

166 3879 239 3936 aete
254 3888 333 3937 vero
349 3869 549 3953 poenitentia
573 3866 758 3953 presbyteri
787 3873 844 3933 aut
876 3863 985 3932 clerici
1016 3866 1130 3949 nostri,
1162 3865 1277 3949 quibus

165 3979 392 4066 praecipimus,
423 3976 633 4044 reconciliant
663 3994 719 4041 eos
749 3975 931 4042 Ecclesiae.
958 3973 994 4041 Si
1024 3975 1108 4042 sorte
1138 3973 1278 4058 majores

167 4104 286 4154 consec
302 4087 501 4170 emerserint,
518 4084 633 4168 quibus
655 4081 843 4168 judicandis
867 4083 931 4168 ipsi
955 4080 1037 4149 torte
1061 4102 1125 4148 non
1152 4079 1278 4163 sulfice-

166 4201 256 4274 rent‚
290 4194 395 4278 nobis,
425 4201 460 4260 nt
489 4191 717 4279 discutiantur,
732 4189 852 4258 referre
882 4189 1010 4258 debent
1035 4191 1291 4259 Percussiouem'

167 4325 294 4390 qnoque
310 4301 428 4388 cleriei,
453 4321 538 4387 quae
553 4300 671 4383 ubique
688 4300 750 4366 soli
766 4299 975 4387 spostolicae
991 4297 1070 4365 Sedi
1085 4303 1278 4392 reservatur,

166 4417 241 4483 illuc
257 4411 515 4479 transmittimus.
539 4409 575 4476 Si
590 4409 724 4496 quilibet
741 4406 889 4476 extranei
903 4404 944 4473 de
960 4405 1121 4484 Perochia
1146 4403 1277 4492 cujusli-

167 4525 221 4592 bet
234 4519 394 4610 Episcopi
409 4541 480 4588 cum
495 4517 680 4588 hominibus
704 4518 822 4584 nostris
847 4533 963 4584 causas
988 4514 1120 4600 habent,
1145 4537 1204 4582 nos
1225 4515 1277 4600 ju-

166 4631 330 4718 nicanum
355 4631 432 4724 quia
456 4629 613 4700 habemus
630 4627 759 4722 judiees
784 4625 948 4696 seculares
973 4621 1014 4702 de
1039 4624 1146 4704 causis
1171 4625 1276 4704 sorsu-
