3234 5072
627 335 774 442 As..

132 525 202 595 Rex
219 525 425 614 Vngarorum
449 533 581 600 nostrae
604 529 763 618 potestati
786 506 985 619 subingauit,
1010 535 1153 605 Sanctae
1181 538 1246 606 Dei

134 635 285 720 genitrici
300 634 425 721 Virgini
439 638 564 730 Marlac
580 639 614 705 iu
629 638 782 708 Ecclesia
806 639 1020 727 Frisingensi,
1046 641 1102 710 ubi
1126 651 1245 731 corpus

135 743 247 811 Sancti
262 743 451 814 corbiniani
465 745 610 831 quiescit,
629 752 747 832 rogatu
763 753 796 812 et
818 746 952 816 servitio
980 747 1126 818 eiusdem
1150 751 1247 820 Sedis

134 849 290 936 Episcopi
304 851 494 920 Ellenbardi
509 859 636 920 centum
656 854 848 924 mansosbis
873 855 954 924 locis
980 856 1071 940 sitos,
1096 857 1246 928 Ascbcri·

133 959 347 1048 cbesbrugge,
362 959 684 1050 (lbningesbruuueu,
700 963 907 1060 Novvcmdors,
933 965 1110 1054 Hasilovve,
1133 967 1247 1051 sicque

133 1066 173 1134 de·
186 1068 308 1137 Litaha
325 1089 429 1155 usqne
444 1070 488 1140 sd
503 1090 577 1139 eum
593 1071 709 1160 locum,
728 1072 782 1156 qui
794 1065 949 1142 terminus
964 1081 1013 1142 est
1028 1073 1112 1142 inter
1128 1075 1247 1144 Litaha

134 1183 163 1244 et
176 1179 339 1263 Vertovve,
355 1199 427 1248 cum
442 1179 588 1248 omnibus
612 1179 824 1268 appenditiis,
840 1181 873 1248 h.
892 1203 928 1266 e.
953 1184 1121 1270 utriusque
1146 1205 1244 1253 seros

133 1287 310 1375 mancipiis,
327 1288 597 1376 areIs,aedificiis,
615 1287 728 1376 pratis,
744 1291 884 1377 pascuis,
904 1291 1018 1378 vineis,
1035 1294 1130 1362 terris
1147 1294 1241 1362 cultis

134 1401 165 1463 ct
175 1395 318 1482 incultis,
335 1395 397 1495 viis
414 1405 448 1464 et
461 1397 568 1484 inviis,
585 1399 688 1485 equis,
697 1419 916 1485 aquarumque
926 1399 1126 1490 decursibus,
1136 1403 1241 1487 molis,

134 1503 346 1592 molendinis,
372 1505 632 1593 piscationibus,
658 1506 798 1576 exitibus
835 1515 876 1596 et
891 1510 1048 1578 reditibus
1089 1511 1250 1604 quaesitis

135 1617 164 1677 st
190 1613 411 1699 inquirendis,
435 1618 589 1702 exceptis
604 1619 832 1686 venationibus
862 1624 896 1686 et
919 1617 1097 1714 wiltbanno
1129 1619 1163 1685 in
1193 1617 1244 1684 Li·

134 1720 321 1808 tababerge,
347 1719 422 1792 aliis
437 1731 546 1792 antem
562 1725 708 1793 ommibus
732 1725 924 1794 utilitatibus
948 1726 982 1796 im
1000 1726 1163 1812 proprium
1178 1732 1242 1792 tra-

134 1825 234 1897 dendo
258 1827 474 1918 firmavimus,
505 1831 661 1910 &mando
690 1832 899 1919 tradidimus,
926 1853 967 1902 ea
992 1832 1146 1904 videlicet
1169 1855 1244 1902 oon·
1270 1875 1274 1882 ·

136 1937 263 2024 ditione,
281 1959 349 2025 qua
367 1941 599 2010 ermenricus
615 1961 656 2010 ex
679 1942 831 2027 praefato
853 1939 988 2029 praedio
1013 1941 1142 2010 donans
1168 1961 1245 2010 con-

132 2045 284 2134 venimus,
298 2054 334 2115 ut
347 2045 433 2116 idem
449 2048 666 2137 Frisiugcusis
680 2050 863 2135 Episcopus
889 2048 1105 2118 Ellenbardus
1115 2050 1238 2134 suique

136 2175 335 2226 comessores
365 2157 399 2226 in
427 2157 574 2243 quolibet
603 2158 750 2244 castello,
775 2157 961 2246 specialiter
985 2159 1018 2226 in
1037 2159 1242 2232 Missenbnrc

136 2265 304 2335 muniendo
320 2285 379 2351 pro
395 2265 446 2333 hIs
464 2267 530 2333 100
546 2266 710 2352 regalibus
730 2267 854 2335 mansis
877 2265 972 2334 nobis
988 2267 1140 2348 serviant,
1159 2273 1192 2332 et
1208 2268 1242 2334 in

136 2373 214 2442 alite
231 2374 379 2442 omnibus
389 2375 483 2443 nobis
493 2373 632 2445 fideliter
647 2377 799 2444 existant.
816 2374 914 2442 Euius
929 2373 1113 2442 traditionis
1128 2380 1244 2442 testem

136 2490 253 2554 arum
276 2489 462 2572 presentem
486 2487 596 2552 nostro
619 2484 708 2552 iussu
738 2484 971 2574 conscriptam,
999 2489 1111 2581 nostra
1135 2490 1243 2552 autem

135 2612 226 2661 nanu
257 2592 490 2678 confirmatem,
514 2591 614 2678 sigilli
638 2611 767 2678 quoqne
799 2592 905 2660 nostri
924 2592 1137 2678 impressione
1166 2592 1242 2689 inusi-

135 2701 254 2785 gnitam
277 2702 402 2770 cunctis
426 2701 567 2770 saeculis
581 2701 781 2786 reliquimus.
807 2702 940 2788 Signum
964 2700 1095 2769 Domini
1109 2700 1243 2768 Heurici

137 2807 246 2888 Quarti
266 2810 369 2896 Regis
394 2808 606 2879 invictissimi.
622 2809 788 2879 Adalbero
812 2808 1034 2878 (lancellarius
1059 2811 1131 2876 vice
1150 2809 1242 2894 Sige-

136 2917 206 2988 iridi
220 2917 511 2986 Arcbicaucellarii
527 2917 709 3002 recognovi.
734 2953 774 2966 —
800 2919 893 2986 Anno
909 2915 1099 2984 Dominicae
1114 2919 1241 2984 Incarn.

135 3011 300 3096 liillesimo
325 3023 611 3111 LXXIlIlijndict.
627 3027 718 3094 XIII.
744 3027 799 3094 VI
826 3026 894 3111 kal.
918 3025 1106 3094 Decembris
1136 3026 1240 3094 data:

135 3158 213 3206 anno
229 3144 340 3206 autem
355 3135 541 3204 ordimaonis
556 3135 676 3204 domini
691 3133 834 3202 Heinrici
849 3136 922 3202 IIII
948 3133 1049 3218 Regis
1073 3133 1148 3200 XX.
1177 3133 1241 3198 Re·

135 3247 186 3329 gni
200 3246 321 3314 XVIII
337 3245 453 3312 Actum
467 3243 647 3328 Ratispoue
667 3243 700 3310 in
716 3241 844 3311 uomioe
861 3241 992 3332 Domiui
1015 3242 1105 3310 Jesn.
1128 3239 1241 3310 Amen·

177 3458 384 3533 (bleichelbeck
401 3457 480 3530 utdn,
500 3455 629 3514 HistorIs
645 3454 842 3529 Erisiugensis.
861 3453 884 3513 Ι.
901 3453 960 3510 ket.
978 3453 1042 3510 268.
1061 3455 1081 3507 l.
1101 3450 1204 3524 cuci).
