3222 5054
770 287 929 389 Q

287 468 435 578 clagiues,
452 509 512 556 noc
528 488 653 556 fossam
670 483 858 552 faciendam
874 489 969 550 extra
986 491 1129 552 castrum
1144 485 1200 553 nel
1215 483 1297 551 citra
1308 484 1416 550 nusu-

286 602 410 684 uiense,
426 599 497 666 siue
514 597 599 664 alias
616 615 637 660 a
654 611 817 679 quoquam
833 592 899 659 ullo
917 593 1013 660 modo
1030 593 1077 659 ire
1094 594 1341 680 compellantur,
1352 611 1415 660 neo

288 709 385 774 etiam
403 707 567 787 denarios,
584 703 640 788 qni
656 707 814 768 uocantur
829 700 998 790 cotllpacaz
1014 702 1114 768 alicui
1134 701 1336 787 persoluaut,
1352 699 1414 769 sed

288 818 386 882 etiam
407 813 591 880 chibrioues
618 809 805 885 vinearum,
833 827 894 890 que
911 808 958 874 ibi
974 808 1016 875 ab
1034 809 1159 876 eisdem
1174 809 1309 895 triginta
1324 829 1415 876 man-

289 922 436 990 sionibus
462 921 548 988 factc
573 917 709 994 fuerint,
737 917 843 984 eidem
868 917 1006 983 ecclesie
1033 919 1178 984 totaliter
1208 919 1415 1004 recipiantur.

288 1030 540 1098 Pronunciamns
556 1027 660 1092 eciam
677 1044 747 1090 cnm
765 1025 960 1094 auctoritate
971 1024 1085 1110 Regia,
1103 1027 1190 1110 quod
1200 1027 1307 1093 nullus
1318 1026 1416 1094 index

290 1157 347 1206 eos
363 1135 509 1203 iudicare
526 1136 656 1216 audeat,
674 1153 735 1200 uec
752 1133 872 1218 aliquis
888 1141 1026 1200 exactor
1041 1153 1150 1202 coram
1167 1135 1286 1220 aliquo,
1311 1142 1417 1219 preter

289 1265 349 1313 nos
364 1247 419 1312 uel
436 1261 533 1327 quem
549 1245 622 1310 uice
638 1250 753 1309 nostra
772 1263 832 1309 nos
849 1244 897 1310 eis
914 1241 1052 1311 iudicem
1064 1241 1335 1329 constituerimus,
1345 1261 1416 1308 curn

289 1354 413 1422 eisdem
429 1351 584 1418 fratribus
599 1351 655 1417 uel
669 1352 790 1437 populo
809 1351 1006 1418 contendere
1024 1349 1154 1418 audeat.
1180 1351 1252 1418 Hoc
1278 1351 1352 1418 idco
1371 1350 1416 1416 di-

291 1463 406 1546 cimus,
430 1481 471 1526 ne
489 1459 606 1543 aliquis
623 1460 708 1526 adeo
724 1459 820 1526 uobis
835 1462 992 1545 premium
1007 1461 1238 1545 repromissum
1255 1479 1315 1527 sua
1331 1459 1417 1526 laisa

291 1571 432 1636 audacia
447 1570 501 1636 uel
518 1569 727 1655 improbitate
743 1570 871 1655 perdat.
884 1569 1040 1638 Volumus
1057 1571 1160 1636 eciam
1178 1589 1235 1637 eos
1250 1568 1369 1636 liberos
1385 1567 1418 1634 iu

291 1679 412 1764 portis,
439 1679 472 1744 in
497 1677 650 1764 pontibus
667 1678 748 1743 etin
765 1678 916 1745 omnibus
932 1677 1014 1744 locis
1029 1677 1101 1747 siue
1117 1677 1322 1764 importando
1347 1696 1419 1760 sna,

292 1787 364 1854 siue
381 1787 586 1874 exportando
603 1791 716 1852 nostra
732 1785 870 1854 donaria
880 1836 889 1870 ,
912 1787 1064 1854 uidelicet
1079 1789 1205 1874 pisces,
1222 1787 1312 1853 sales
1321 1835 1331 1870 ,
1351 1785 1419 1852 ani-

292 1895 402 1979 malia,
419 1897 541 1978 lanam,
558 1912 671 1979 agnos,
688 1913 813 1979 caseos,
830 1895 901 1962 siue
919 1915 1094 1980 annonam,
1113 1896 1168 1962 uel
1185 1901 1275 1960 certe
1292 1891 1339 1982 (l)
1357 1891 1418 1962 iru-

292 2009 454 2085 mcntum,
481 2021 540 2068 seu
556 2000 701 2086 quelibet
717 2003 804 2088 alis,
821 2021 883 2069 uec
899 2023 963 2070 nou
980 2009 1013 2069 et
1028 2005 1141 2072 domos
1151 2053 1159 2087 ,
1177 2011 1210 2068 ct
1226 2004 1371 2086 curiam,
1388 2009 1420 2068 et

293 2110 479 2192 cellarium,
498 2128 579 2192 quas
596 2109 667 2195 ipse
683 2109 795 2176 Abbas
812 2109 844 2176 iu
862 2113 1010 2178 Musuuio
1028 2111 1228 2191 construxit,
1253 2112 1295 2178 ab
1321 2110 1420 2176 omui·

292 2219 353 2283 bns
369 2217 568 2300 tributariis,
594 2219 804 2302 monetariis,
830 2219 1034 2306 tricenariis,
1055 2220 1241 2303 salinariis,
1259 2220 1371 2286 illesos
1388 2220 1421 2286 in

292 2331 483 2411 perpetuum
500 2343 701 2408 permanere.
736 2325 778 2390 nt
793 2331 829 2390 nt
844 2325 938 2394 huius
955 2329 1003 2394 rci
1019 2329 1190 2395 concessio
1212 2331 1278 2394 tam
1302 2325 1421 2395 nostris

293 2449 392 2516 quam
418 2437 450 2497 et
476 2439 658 2498 nostrorum
675 2452 898 2502 successorum
914 2437 1115 2524 temporibus
1130 2439 1227 2504 salua
1242 2455 1374 2524 semper
1390 2441 1422 2502 et

292 2541 490 2608 inconcussa
515 2546 708 2624 permaneat
718 2591 726 2625 ,
754 2550 937 2628 presentem
955 2545 1176 2613 concessimus
1192 2543 1349 2630 pagiuam
1365 2542 1419 2608 du·

292 2647 387 2733 plicis
404 2646 506 2730 sigilli
523 2646 625 2713 nostri
641 2649 817 2717 munimine
833 2649 1032 2720 roboratam.
1063 2655 1157 2720 Anno
1182 2653 1354 2718 Dominicc
1372 2654 1421 2718 lu·

295 2755 1422 2828 carnacionismillesimoOO⁰XX⁰VIlll⁰.indicciouellconcurrcute

299 2862 371 2928 VIL
389 2868 507 2948 epacta
523 2863 649 2931 xxm.
666 2867 788 2932 Datum
804 2869 838 2933 iu
855 2869 939 2934 Pest

301 3073 357 3143 (Aa
370 3075 477 3132 eredeti
490 3074 558 3134 ulan
571 3079 686 3148 Weiss,
709 3073 864 3136 Urlrunden
876 3079 926 3136 des
940 3079 1268 3238 gisterciensieffitiftes
1279 3077 1426 3155 Heiligen·

763 3169 861 3238 kreuz,
876 3169 920 3225 71.
934 3169 951 3223 1.
