3214 5072
820 345 978 446 Aa„

342 561 416 612 uem
431 545 576 626 aliquam
592 543 645 609 uel
661 540 826 623 tributum,
852 541 905 606 uel
926 542 998 625 ipse
1023 541 1076 608 uel
1092 539 1229 609 heredes
1257 542 1308 608 sui
1322 541 1402 609 dare
1420 543 1464 610 de

343 658 449 719 cetero
465 657 654 734 teneantur3
678 649 742 714 nisi
758 649 790 714 iu
808 651 905 714 armis
931 649 1136 734 militaribus,
1162 649 1195 714 in
1220 650 1349 734 quibus·
1364 652 1463 718 uobis
1500 655 1501 658 ’
1596 633 1597 636 “

343 768 376 827 et
390 761 502 844 Regno
518 759 578 825 tali
594 758 747 824 libertate
763 757 876 822 donati
891 757 1012 823 seruire
1028 763 1211 824 teneantur.
1231 758 1463 826 Ooucessimus

343 868 446 934 eciam
465 867 506 952 ei,
532 874 566 932 ut
592 871 668 931 aute
693 865 792 931 alium
818 864 959 931 iudicem
984 871 1177 950 prcteruos,
1203 865 1379 946 velillum,
1407 869 1462 949 qui

343 976 465 1070 iurlicat
480 974 564 1041 lilios
579 973 819 1060 hyobagionum
844 980 1030 1039 nostrorum
1054 973 1241 1038 nullatenus
1266 977 1405 1058 cogatur
1428 973 1463 1038 iu

342 1084 451 1167 aliquo
475 1082 683 1169 respondere.
708 1083 750 1148 Vt
765 1081 985 1148 autemhuius
1001 1081 1104 1166 Regia
1120 1081 1340 1161 concessionis
1358 1081 1463 1148 series

342 1193 434 1260 firma
450 1199 483 1258 ei
497 1191 703 1258 invariabilis
720 1190 750 1256 iu
768 1198 958 1277 perpetuum
982 1197 1180 1277 permaneat,
1204 1197 1389 1275 presentem
1404 1211 1462 1275 pa-

343 1302 453 1390 ginam
470 1297 503 1364 in
520 1302 589 1366 eius
604 1297 825 1366 testimouium
841 1300 1040 1366 intitulatam
1060 1297 1168 1381 sigillo
1194 1305 1305 1364 nostre
1330 1298 1460 1384 ymagi-

342 1411 394 1475 nis
419 1408 553 1476 fecimus
578 1408 783 1488 communiri.u
802 1409 922 1474 Datum
953 1426 1011 1493 per
1042 1424 1155 1472 manus
1187 1405 1275 1473 Petri
1308 1404 1463 1472 Albensis

343 1517 504 1604 Prcpositi
521 1523 554 1582 et
569 1518 651 1583 Aule
675 1517 779 1601 Regia
807 1515 1013 1598 Cancellarij,
1044 1533 1129 1580 auno
1156 1515 1198 1579 ab
1225 1515 1462 1580 Incaruacioue

342 1627 473 1699 Domini
490 1627 545 1694 Ma
563 1625 638 1691 00⁰.
655 1626 741 1692 11110.
759 1625 948 1692 Venerabili
973 1623 1122 1690 Jhoanne
1148 1621 1321 1688 Coloceusi
1348 1621 1462 1688 Archi-

342 1736 508 1820 opiscopo,
527 1734 651 1819 Vgriuo
671 1733 890 1819 strigoniensi
905 1732 1110 1800 Archielecto
1137 1738 1168 1796 et
1194 1731 1361 1797 Jauriensi
1386 1731 1462 1816 Epi-

342 1857 450 1926 scopo,
468 1842 592 1909 Calano
615 1841 955 1925 Quinqueecclesiensi
979 1841 1154 1925 Episcopo,
1180 1839 1353 1906 Desiderio
1380 1839 1463 1905 (1116ς

341 1948 492 2016 uadieusi
507 1949 680 2034 Episcopo,
703 1951 844 2035 Symoue
872 1947 1065 2013 Varadiensi
1090 1947 1264 2032 Episcopo,
1291 1944 1462 2012 Willermo

344 2056 622 2124 Uitrasiluaueusi
638 2058 820 2141 Episcopo;
838 2055 1013 2121 Benedicto
1031 2055 1189 2131 Palatino,
1206 2053 1354 2140 Ypochio
1371 2054 1463 2119 Bono

344 2173 377 2232 ct
391 2165 566 2232 Bachiensi
583 2166 718 2248 Comite,
737 2164 814 2232 Jula
827 2163 984 2230 Nitriensi
1003 2171 1035 2228 et
1052 2161 1175 2230 Ouriali
1191 2161 1326 2245 Gemite,
1347 2160 1462 2229 Tibur-

346 2276 395 2341 cio
410 2274 627 2360 Budrugieusi
644 2275 781 2354 eomite,
799 2271 954 2359 Chepauo
970 2273 1181 2360 Supruniensi
1197 2271 1332 2338 comite.

398 2485 509 2557 (letrau
527 2488 620 2560 ifjsbb
639 2485 794 2561 kirtlyualr
813 2487 925 2542 last-ki
943 2483 1114 2558 mcgcrtstts
1133 2484 1284 2542 levelebiil.
1303 2485 1409 2554 Caeci).

779 2746 1023 2762 *nm-m
1062 2765 1064 2771 Ι

953 2773 957 2781 .

878 2996 928 3060 51.

344 3173 446 3239 Jccoc
468 3175 650 3260 eszterpcmc'
673 3173 758 3239 sack
780 3171 882 3237 iteletc
905 3173 1000 3252 Peter·
1018 3169 1181 3236 botoniati
1203 3177 1281 3260 aptit
1303 3175 1333 3237 62
1350 3196 1370 3236 a
1385 3195 1464 3239 ocaz-

286 3321 289 3335 ·
340 3283 442 3371 premi
462 3285 523 3348 vor
544 3271 667 3370 cehdcy
683 3281 863 3370 jobbcipyai
886 3283 955 3344 lciizt
977 3279 1049 3346 Scia
1071 3282 1150 3343 novit
1184 3280 1364 3368 lelyeepbea
1400 3282 1466 3346 lc'oli

640 3412 727 3476 parca
744 3388 920 3474 foldclerb'l.
943 3387 1032 3454 1206
1055 3385 1156 3451 ko'rr'll.
1248 3469 1250 3474 ,

326 3575 327 3578 ’
356 3567 360 3576 “
448 3569 696 3637 Procedentium
728 3575 857 3656 patrum
882 3566 1024 3650 prudeus
1050 3565 1232 3650 antiquitas
1258 3565 1384 3632 sollerti
1414 3568 1462 3631 iu·

342 3676 431 3742 uenit
447 3675 587 3761 iugenio,
604 3683 638 3742 ut
654 3695 695 3742 ca
710 3697 772 3759 que
789 3677 988 3762 inposterum
1001 3677 1228 3741 conseruauda
1238 3675 1462 3760 disponuntur,

342 3783 445 3850 literis
461 3782 733 3866 commendentur,
750 3789 783 3848 et
799 3783 846 3847 sic
867 3783 900 3846 iu
928 3782 1116 3846 memoriam
1140 3781 1322 3848 futurorum
1348 3782 1463 3848 leuiter

340 3895 539 3956 reuocentur.
557 3889 675 3955 Notum
688 3877 888 3956 sitomuibus
899 3891 932 3954 in
951 3889 1080 3956 Christo
1098 3890 1152 3973 pie
1168 3891 1364 3974 uiuentibus,
1375 3892 1463 3973 quod

242 4085 268 4096 ..
316 3998 375 4079 *iu
390 4005 537 4084 tempore
552 3999 640 4065 Petri
666 3997 804 4064 Abbatis
820 3997 861 4064 de
886 3999 955 4078 Bel,
975 3998 1120 4063 homines
1136 3997 1344 4083 Besprieusis
1362 4001 1463 4066 castri

340 4105 502 4190 quandam
517 4112 635 4174 terram
650 4105 763 4173 Sancti
792 4107 941 4172 Mauricii
956 4105 996 4170 de
1012 4105 1090 4172 uilla
1116 4105 1189 4172 Scis
1215 4107 1458 4196 occupaueriut,

341 4215 501 4296 dicentes,
533 4220 653 4278 terram
678 4231 752 4280 esse
769 4215 879 4297 castri,
895 4235 959 4280 nou
977 4215 1137 4280 Ecclesie.
1166 4213 1334 4279 Predictus
1351 4221 1462 4280 autem

341 4319 458 4388 Abbas
474 4319 513 4384 de
529 4319 588 4386 Bel
604 4328 680 4387 aute
696 4319 880 4388 iohannem
901 4321 1161 4406 strigoniensem
1172 4319 1462 4407 Archicpiscopum

342 4445 399 4491 eos
414 4425 583 4510 apellauit,
598 4447 637 4494 ac
654 4429 739 4494 iusto
755 4427 875 4493 iudicio
892 4448 948 4494 eos
974 4427 1103 4512 deuicit,
1129 4435 1161 4494 et
1189 4427 1369 4512 predictam
1396 4435 1461 4494 ter-

341 4549 411 4598 ram
428 4531 539 4598 ordine
563 4535 732 4600 iudiciario
760 4535 911 4602 Ecclesia
936 4537 1091 4621 optinuit;
1115 4538 1149 4601 in
1174 4555 1352 4620 expensam
1378 4557 1455 4604 uero

342 4637 571 4729 illiusuegoeij
589 4648 743 4714 sacerdos
761 4645 900 4736 quidam,
925 4647 1055 4717 nomine
1078 4649 1215 4740 Pausss,
1241 4647 1283 4714 de
1303 4647 1455 4736 jobagio·
