3214 5072
615 367 780 480 m„

141 575 283 654 tempore
298 567 436 652 fuerunt,
454 567 655 651 habuerunt;
681 566 764 631 sicut
789 585 829 632 ea
855 565 894 634 de
911 565 1102 632 auctoritate
1118 561 1254 648 Aposto-

140 677 202 744 lice
218 675 315 743 Sedis
331 675 487 741 habuisse
513 678 697 758 noscuntur,
728 674 824 740 uobis
856 683 888 740 et
918 673 1114 741 monasterio
1144 679 1254 738 uestro

142 782 334 850 auctoritate
352 782 546 868 Apostolica
561 779 794 848 confirmamus.
830 778 979 848 Obeunte
1003 800 1080 847 uero
1105 789 1148 864 te,
1172 799 1256 844 nunc

144 890 288 960 eiusdem
302 891 366 956 loci
382 891 512 958 Abbate
528 892 581 958 uel
597 897 722 955 tuorum
739 887 885 972 quolibet
905 907 1135 972 successerum‚
1153 887 1258 952 nullus

143 1001 186 1068 ibi
203 998 349 1082 qualibet
365 998 584 1082 subreptionis
594 995 719 1064 astutia
734 1016 792 1062 seu
808 997 964 1064 uiolentia
972 1003 1179 1082 preponatur,
1197 995 1260 1060 nisi

144 1127 238 1192 quem
254 1107 372 1174 fratres
398 1106 556 1172 communi
582 1123 750 1188 consensu,
781 1106 834 1195 uel
866 1097 1000 1172 fratrum
1030 1125 1106 1191 pars
1131 1104 1260 1170 consilii

144 1215 285 1282 senioris
301 1213 478 1280 secundum
494 1211 555 1280 Dei
571 1214 718 1279 timorem
741 1217 773 1276 et
796 1213 892 1280 Beati
917 1213 1087 1279 Benedicti
1112 1213 1259 1296 regulam

144 1321 346 1408 prouiderint
378 1320 569 1405 eligendum.
603 1318 817 1386 Decernimus
850 1340 938 1404 ergo,
965 1327 1000 1384 ut
1023 1318 1103 1386 nulli
1127 1319 1259 1386 omnino

146 1431 310 1498 bominum
327 1429 439 1496 fassit
463 1429 624 1513 prelatum
649 1429 879 1495 monasterium
906 1434 1028 1494 temere
1053 1423 1256 1512 perturbare,

145 1545 199 1606 aut
215 1539 286 1603 eius
302 1537 531 1622 possessiones
547 1538 600 1600 uel
617 1535 745 1600 ablatas
760 1535 910 1618 retinere,
926 1537 1080 1618 minuere,
1107 1555 1165 1601 seu
1190 1534 1259 1618 qui·

146 1645 287 1714 buslibet
303 1639 528 1712 uexationibus
545 1635 692 1726 fatigare,
711 1645 769 1709 sed
786 1650 894 1710 omnia
915 1643 1042 1728 integra
1068 1663 1259 1711 conseruen-

145 1763 333 1836 turcorum,
350 1773 408 1837 pro
435 1771 570 1846 quorum
596 1751 831 1835 gubernatione
858 1771 898 1818 ac
923 1753 1158 1818 sustentatione
1187 1769 1260 1816 con-

146 1881 242 1928 cessa
258 1869 341 1944 sunt,
359 1860 469 1926 usibus
486 1859 679 1926 omnimodis
694 1859 884 1944 profutura3
907 1861 1001 1926 salua
1012 1859 1107 1926 Sedis
1124 1861 1260 1944 Aposto-

147 1971 208 2036 lice
225 1968 428 2036 auctoritate.
456 1967 492 2032 si
509 1984 572 2049 qua
588 1965 685 2049 igitur
700 1967 733 2032 in
749 1966 889 2032 futurum
915 1963 1144 2034 ecclesiastica
1167 1987 1259 2033 secu·
1335 1969 1337 1974 ’
1356 2009 1359 2012 -

146 2079 268 2149 larisue
284 2095 426 2160 persona
442 2075 527 2140 hanc
557 2081 667 2140 nostre
697 2075 933 2141 constitutionis
966 2076 1122 2158 paginam
1136 2161 1140 2166 Ι
1153 2073 1261 2141 sciens

148 2194 260 2252 contra
277 2205 349 2250 carn
365 2189 486 2249 temere
503 2183 614 2250 uenire
630 2183 846 2266 temptauerit,
862 2182 1005 2248 secundo
1021 2183 1157 2250 tentione
1174 2202 1259 2250 com-

148 2294 281 2377 monita,
298 2292 362 2358 nisi
378 2298 503 2357 reatum
521 2309 611 2356 suum
627 2290 727 2373 digna
745 2288 970 2357 satisfactione
996 2290 1180 2375 correxerit,
1205 2308 1260 2376 po-

149 2402 275 2469 testatis
291 2399 486 2484 honorisque
503 2400 553 2466 sui
569 2399 729 2485 dignitate
754 2407 873 2482 careat,
898 2419 1053 2483 reamque
1078 2421 1113 2468 se
1138 2399 1262 2465 Diuino

148 2510 266 2576 iudicio
282 2509 428 2574 existere
440 2505 480 2572 de
496 2513 686 2593 perpetrata
711 2507 882 2589 iniquitate
907 2513 1095 2592 cognoscat,
1115 2514 1148 2574 et
1162 2517 1184 2574 a'
1200 2507 1260 2574 Sa·

151 2617 335 2686 eratissimo
353 2616 496 2701 Corpore
512 2635 551 2680 ac
568 2615 735 2699 Sanguine
759 2614 823 2680 Dei
839 2620 871 2682 et
888 2615 1021 2683 Domini
1037 2614 1262 2700 Redemptoris

150 2728 252 2794 nostri
267 2726 347 2792 Jesu
363 2723 483 2791 Christi
498 2722 689 2806 alienafiat,
707 2729 805 2806 atque
820 2724 853 2788 in
870 2731 1013 2791 extremo
1040 2725 1190 2791 examino
1215 2715 1261 2790 di-

150 2835 260 2900 stricte
275 2833 390 2898 ultioni
405 2833 584 2902 subiaceat.
607 2831 738 2898 Cunctis
754 2839 861 2896 autem
877 2830 983 2900 eidem
1008 2835 1080 2900 loco
1109 2853 1169 2900 sua
1193 2834 1264 2898 iura

151 2939 360 3010 sernentibus
385 2943 427 3007 sit
446 2961 519 3026 ¹pan
543 2939 673 3006 Domini
703 2939 784 3007 Jesu
809 2939 940 3026 Christi,
962 2949 1118 3024 quatenus
1149 2949 1182 3008 et
1209 2943 1263 3008 hio

151 3052 289 3118 fructum
305 3049 388 3116 bone
404 3048 542 3116 actionis
558 3047 749 3134 percipiant,
767 3056 799 3114 ct
817 3048 906 3132 apud
923 3049 1105 3117 districtum
1120 3051 1262 3120 iudicem

152 3160 275 3244 premia
291 3165 400 3225 eterne
417 3157 509 3244 pacis
527 3157 703 3224 inueniant.
727 3159 841 3224 Amen.
865 3159 979 3224 Amen.
1001 3161 1116 3227 Amen.

364 3260 487 3350 (nn.)
823 3264 1052 3353 (nsparjegy)

256 3373 601 3458 †llgoVrhanus
626 3373 800 3440 Cathoi.
829 3373 1040 3442 Ecclesie
1060 3377 1264 3460 Episcss.

257 3483 365 3567 †Ego
375 3481 539 3552 Henricus
559 3480 842 3566 Albensisllppus
858 3501 902 3548 ss·

258 3591 280 3671 †
296 3589 364 3672 Ego
380 3591 501 3656 Paulus
518 3591 729 3656 Prenestinus
746 3589 857 3676 lippus
873 3607 917 3656 ss.

259 3699 367 3782 †l3go
383 3687 592 3776 'theobaldus
610 3699 775 3766 Hostiens
793 3706 825 3764 ct
844 3699 1014 3768 Veletreus
1031 3700 1142 3786 lippus
1155 3717 1197 3766 ss.
1259 3769 1260 3774 ,

260 3805 367 3887 †ug0
382 3808 497 3871 Petrus
515 3807 555 3872 de
569 3806 661 3872 Bono
678 3806 791 3872 Presb.
810 3805 941 3872 Cardin.
957 3812 993 3872 tt.
1010 3809 1042 3874 S.
1059 3809 1206 3874 Susanne
1222 3821 1267 3873 ss.

249 3915 281 3994 -†
297 3914 369 3998 Ego
385 3913 554 3980 Laborans
569 3913 679 3980 Presb.
691 3913 789 3980 Card.
807 3915 840 3982 S.
857 3915 961 3982 Mario
971 3923 1061 3984 trans
1071 3917 1215 3983 Tiberim
1230 3923 1267 3981 tt.

158 4017 276 4094 Calixti
291 4037 332 4086 ss.

250 4131 285 4208 .†
301 4129 372 4214 Ego
389 4129 534 4218 Panduls
545 4131 657 4213 Presb.
674 4131 770 4198 Card.
786 4137 823 4196 tt.
839 4133 913 4200 ΧΗ.
931 4135 1045 4219 Apost.
1062 4154 1105 4201 ss.

262 4241 283 4319 †
299 4239 370 4323 Ego
386 4241 500 4305 Melior
514 4240 626 4306 Presb.
638 4240 768 4308 Cardin.
782 4241 839 4308 SS.
857 4242 996 4309 lohann.
1012 4248 1044 4310 et
1058 4243 1150 4310 Pauli
1159 4247 1195 4309 tt.
1207 4245 1266 4310 Pa-

160 4345 277 4431 mechij
294 4365 338 4414 ss.

267 4457 287 4536 †
304 4453 374 4540 ligo
390 4453 546 4550 Adetard.
563 4461 598 4522 rt.
616 4457 649 4523 S.
666 4458 847 4524 Marcellini
863 4457 974 4525 Presb.
991 4459 1085 4526 Card.
1103 4479 1147 4526 ss.

265 4562 371 4647 †llgo
388 4561 492 4628 lecint
510 4565 542 4629 S.
560 4565 662 4630 Mario
679 4566 710 4630 in
729 4565 889 4634 Cosmidis
902 4565 1066 4635 Diaconus
1083 4569 1177 4635 Card.
1196 4587 1239 4634 ss.

265 4672 286 4751 †
303 4670 373 4755 Ego
390 4668 530 4738 Cranian
547 4673 579 4738 S.
598 4671 714 4739 Cosme
731 4681 762 4740 et
778 4675 931 4742 Damiani
947 4675 1040 4743 Diac.
1066 4676 1196 4743 Cardin.
1225 4693 1269 4742 ss.

215 4793 703 4842 nosuu.uunu.n1su.-n1rn.c.
1090 4787 1110 4856 6
