3222 5054
694 319 761 390 245
807 333 809 340 ’

171 517 231 585 luit
246 515 437 586 adiudicata
451 519 629 606 possessio,
644 521 688 589 sit
702 521 844 608 elapsus,
859 527 952 611 parte
968 522 1076 590 altera
1090 523 1123 590 in
1139 545 1199 594 sua
1215 546 1288 595 con-

170 623 312 694 tumacia
327 628 532 712 persistente,
548 628 638 716 ipsos
654 649 749 697 ueros
764 644 971 714 possessores
987 631 1141 700 constitui
1155 633 1287 701 manda-
1329 681 1334 699 ι

171 752 287 800 remus.
306 729 468 810 Quocirca
483 733 669 804 discretioni
682 746 789 806 vestre
799 756 857 824 per
870 737 1060 824 Apostolica
1071 740 1288 828 scriptaman-

172 843 308 925 damus,
325 841 478 924 quatinus
493 844 522 910 si
538 843 629 912 vobis
645 846 824 914 constiterit
839 845 880 913 de
894 846 1080 931 premissis,
1096 855 1290 917 memoratos

172 947 334 1015 Abbatem
360 957 393 1016 et
413 950 612 1020 Conuentum
628 955 660 1019 in
677 955 917 1038 possessionem
932 973 1037 1020 rerum
1053 956 1227 1041 petitarum
1244 957 1290 1024 in·

172 1056 310 1140 ducere,
335 1075 375 1123 ao
390 1058 537 1126 inductos
553 1060 729 1130 defendere
744 1063 946 1150 procuretis,
963 1063 1217 1132 contradictores
1233 1082 1291 1150 per

173 1184 343 1233 censuram
354 1165 609 1235 ecclesiasticam
621 1171 841 1255 appellatione
851 1171 1035 1258 postposita
1044 1172 1289 1258 compescendo.

172 1272 334 1356 Quicquid
359 1281 468 1341 autem
486 1263 585 1363 super
600 1277 664 1342 hiis
679 1277 820 1346 feceritis
835 1298 893 1366 per
908 1287 1037 1347 uestras
1052 1280 1146 1348 nobis
1163 1281 1290 1349 litteras

172 1381 355 1468 exponatis.
381 1381 474 1461 Quod
499 1384 529 1449 si
555 1404 620 1450 non
636 1405 749 1453 omnes
763 1387 829 1472 hijs
846 1387 1044 1471 exequendis
1059 1389 1227 1472 potueritis
1243 1391 1288 1455 in-

172 1497 304 1568 teresse,
320 1489 384 1556 duo
399 1496 542 1557 uestrum
559 1509 600 1558 ea
615 1493 842 1563 nichilominus
852 1501 1063 1578 exequantur.
1073 1497 1194 1564 Datum
1203 1497 1290 1564 Ana-

171 1595 248 1685 gnie
263 1597 338 1666 ΧΠ.
355 1599 421 1666 kal.
438 1599 650 1688 Septembris,
666 1601 875 1672 Pontificatus
891 1605 994 1672 nostri
1009 1623 1096 1670 anno
1112 1605 1226 1689 primu.

333 1775 478 1849 (Rredetie
491 1794 509 1832 a
521 1775 736 1836 saentmdrtoni
748 1777 904 1854 fdapttsdg
916 1776 1137 1850 levdltdrdban.)

602 2043 847 2054 Ἥ

695 2283 937 2350 tta--

172 2467 229 2533 IX.
246 2465 382 2555 Gerpcly
390 2469 484 2551 papa
499 2465 657 2552 hictomju
672 2487 693 2530 a
702 2464 932 2550 puunorslralctc'
946 2467 1291 2552 secui-mdrdccicpdt·

171 2579 267 2662 supet,
284 2575 366 2662 hopy
381 2596 404 2637 a
417 2572 548 2665 zdprribs'
559 2573 680 2659 pttqrdk
689 2574 993 2658 priuilegiumuicuk
1003 2576 1109 2662 pcipuc'
1122 2576 1290 2662 coeperint-

216 2691 277 2748 te'sc
284 2681 446 2770 joquiuuk
461 2680 567 2746 sommi
580 2682 704 2746 uerteret
719 2702 789 2746 ceos
797 2678 945 2768 foplalja
959 2681 1123 2768 mapddac.
1149 2683 1246 2766 1227.

279 2857 456 2945 Gregorius
485 2857 668 2946 Episcopus
689 2877 811 2950 seruus
842 2878 1008 2926 seruorum
1042 2861 1130 2950 Dei,
1164 2861 1292 2930 dilectis

172 2969 246 3036 iliis
264 3019 272 3036 .
291 3017 299 3033 .
317 2965 462 3048 .Abbati
477 2972 509 3032 et
525 2967 704 3034 Conuentui
720 2967 834 3034 Sancti
849 2969 982 3036 Martini
999 2967 1039 3036 de
1055 2971 1224 3038 Pannonia
1240 2987 1292 3038 sa·

173 3079 271 3144 lutem
289 3083 321 3144 et
336 3073 558 3162 Apostolicam
573 3073 843 3144 benedictionem.
869 3077 949 3143 Cum
965 3075 1105 3162 quedam
1119 3079 1294 3164 priuilegia

172 3185 301 3270 Regum
317 3191 350 3250 et
365 3183 549 3268 Principum
558 3183 702 3269 Vngario
715 3183 928 3268 Zagrabiensi
943 3184 1090 3251 Ecclesie
1106 3185 1293 3254 duxerimus

173 3289 412 3376 confirmanda,
438 3291 522 3358 siout
545 3310 591 3358 ex·
610 3291 728 3358 litteris
744 3299 853 3358 nostre
869 3291 1120 3359 confirmationis
1144 3299 1292 3379 apparet,

172 3420 233 3469 nos
248 3401 297 3468 ita
312 3400 456 3486 predicte
472 3399 620 3469 llcelesie
636 3401 785 3468 uolentes
802 3401 989 3483 consulere,
1008 3407 1048 3465 ut
1063 3407 1204 3466 uestrum
1220 3402 1291 3467 Mo-

172 3509 351 3577 nasterium
367 3509 484 3576 exinde
499 3531 564 3577 non
579 3509 716 3594 ledatur,
732 3509 879 3576 uolumus
894 3514 929 3576 ut
943 3527 1002 3594 per
1016 3507 1292 3574 confirmationem

153 3618 357 3686 ·huiusmodi
379 3617 503 3684 nullum
527 3615 673 3703 predicto
692 3615 893 3686 Monasterio
919 3615 1132 3700 preiudicium
1157 3635 1291 3702 genere·

173 3735 225 3794 tur
234 3777 243 3810 ,
270 3725 364 3792 nobis
379 3727 422 3794 ad
439 3725 602 3794 cautelam
617 3733 785 3812 presentes
801 3723 928 3793 litteras
945 3724 1171 3794 concedentes.
1203 3725 1293 3794 Nulli

174 3855 254 3918 ergo
269 3834 398 3902 omnino
414 3832 579 3902 hominum
593 3835 692 3902 liceat
716 3834 801 3900 hanc
817 3835 972 3921 paginam
986 3841 1097 3902 nostre
1112 3833 1292 3902 concessio·

172 3945 224 4012 nis
240 3941 439 4028 infringere,
455 3943 506 4010 uel
523 3944 559 4010 ei
568 3942 839 4012 ausutemerario
856 3943 1026 4010 contraire.
1060 3942 1168 4026 Siquis
1184 3947 1292 4039 autem

174 4053 236 4120 lroc
252 4057 446 4136 attemptare
459 4041 692 4138 presumpserit
703 4051 958 4137 indignationem
971 4049 1207 4137 Omnipotentis
1218 4050 1292 4135 Dei,

176 4165 209 4226 et
222 4157 400 4228 Beatorum
415 4158 504 4227 Petri
519 4168 552 4228 et
562 4159 658 4226 Pauli
667 4161 893 4247 Apostolorum
909 4160 980 4226 elus
996 4179 1032 4226 se
1048 4159 1175 4226 nouerit
1189 4161 1291 4227 incur-

158 4278 293 4338 ‘surum
312 4269 433 4337 Datum
449 4269 596 4354 Anagnis
612 4271 650 4336 V.
662 4269 729 4337 kal.
740 4269 949 4357 Septembris,
962 4266 1174 4336 Pontificatus
1189 4267 1293 4338 nestri

177 4397 262 4447 anno
274 4397 390 4466 prrmo.
898 4393 899 4401 ¹

321 4507 485 4624 (Essedetie
498 4572 516 4611 a
529 4555 742 4614 arent-mutent
753 4552 905 4629 idapdtsdg
917 4549 1137 4622 reversatum.)

621 4702 864 4740 ...........l-.
