3214 5066
258 1015 262 1024 '
335 1017 402 1085 III.
425 1015 585 1083 Honorius
596 1017 687 1104 pdpa
710 1035 741 1081 ca
765 1015 851 1081 irdut
873 1039 894 1080 a
917 1019 1122 1103 jouzsdlemi
1152 1017 1273 1108 kirctpc
1304 1021 1333 1089 r's
1363 1021 1442 1090 estc·
1484 1059 1489 1078 =

625 1120 628 1128 ’
785 1125 848 1190 etti.
873 1126 969 1192 1217.

437 1305 598 1375 Honorius
614 1303 794 1390 Episcopus
810 1311 871 1372 etc.
899 1305 1075 1388 karissimo
1090 1309 1125 1376 in
1142 1309 1269 1378 Christo
1293 1308 1362 1378 filio
1379 1357 1386 1375 .
1404 1359 1413 1376 .
1431 1359 1440 1376 .

332 1418 454 1487 Illustri
468 1416 553 1500 Regi
566 1413 830 1481 ierosolimitcno
846 1415 983 1482 salutem
999 1421 1059 1482 etc.
1088 1418 1166 1486 cnm
1191 1417 1381 1486 karissimus
1405 1421 1439 1486 in

276 1515 283 1532 ’
333 1525 464 1595 Ghristo
479 1522 563 1590 filius
580 1567 689 1590 .....
709 1519 852 1605 Ungarie
876 1523 948 1589 Rex
973 1525 1113 1610 Illustris
1125 1573 1259 1606 ......
1276 1525 1351 1593 Dux
1375 1527 1440 1594 An·

333 1635 431 1704 striae
447 1653 487 1701 ac
512 1631 571 1699 alii
586 1630 679 1696 multi
705 1641 874 1715 magnates
899 1634 1124 1717 magnanimes
1149 1641 1188 1706 et,
1208 1635 1372 1722 magnifici
1397 1635 1440 1702 ad

331 1741 508 1811 subsidium
523 1746 607 1806 terre
624 1739 753 1822 Sancte,
766 1738 946 1821 inspirante
957 1741 1107 1825 Domino,
1123 1741 1316 1826 aspirantes,¹
1331 1744 1366 1809 in
1380 1765 1439 1810 na·

331 1851 456 1920 tivitate
470 1851 572 1918 Beate
588 1809 699 1932 Maris,
717 1847 787 1913 Deo
802 1847 951 1933 propitio,
970 1847 1056 1937 apud
1073 1848 1204 1935 ciprum
1220 1851 1440 1936 disposuerint

329 1959 511 2044 conuenire,
527 1964 562 2026 ut
578 1954 752 2024 secundum
768 1961 823 2021 tue
838 1953 1041 2024 discretionis
1056 1959 1224 2026 consilium
1248 1959 1281 2026 in
1306 1959 1436 2043 negotio

334 2069 454 2138 Christi
476 2065 623 2134 ordinate
647 2061 836 2150 procedant,
863 2067 946 2132 sicut
970 2065 1052 2132 idem
1078 2069 1147 2135 Rex
1171 2074 1225 2134 tuo
1249 2067 1442 2136 Gclsitudiui

330 2197 389 2263 per
405 2195 481 2243 suus
496 2161 623 2242 litteras
639 2173 755 2240 dicitur
771 2173 938 2258 intimare3
965 2175 1181 2244 serenitatem
1195 2175 1332 2258 Regiam
1347 2195 1440 2261 roga

331 2305 402 2353 mus
418 2291 451 2352 et
465 2301 630 2352 monemus
645 2289 779 2365 attente,
797 2283 946 2365 quatinus
962 2283 1043 2350 sicut
1068 2303 1202 2352 eausam
1219 2283 1338 2352 Christi
1353 2287 1440 2352 zela·

330 2394 386 2478 ris,
403 2393 451 2458 cis
466 2391 544 2458 illuc
559 2409 618 2476 per
633 2397 665 2458 te
680 2382 732 2456 vel
747 2389 931 2476 solempnes
945 2391 1080 2460 nuncios
1096 2410 1248 2459 occurere
1264 2410 1328 2458 non
1344 2393 1437 2459 omit-

330 2506 381 2567 tas
395 2522 403 2586 ;
417 2499 618 2587 impensurus
634 2499 756 2566 eisdem
772 2505 866 2584 prout
884 2504 940 2566 tua
970 2500 1113 2566 noscitur
1143 2499 1327 2586 specialiter
1355 2500 1440 2565 inter

331 2627 415 2694 esse,
447 2608 617 2675 consilium
633 2614 666 2674 et
681 2605 835 2674 auxilium
850 2612 1049 2696 oportunum.
1065 2606 1187 2674 Datum
1197 2607 1364 2676 Ferentini
1373 2605 1441 2676 IX⁰

329 2717 403 2784 Kal.
418 2717 505 2786 Julii
522 2712 567 2803 (i)
581 2751 624 2764 -
640 2714 847 2784 Pontificatus
861 2716 964 2784 nostri
980 2735 1065 2782 auno
1081 2715 1235 2784 secundo.

412 2857 477 2931 (111.
490 2857 634 2916 nonorsus
646 2855 723 2930 popa
733 2841 929 2930 uegesuuu,
942 2855 1066 2914 suenci
1077 2855 1115 2912 u.
1130 2875 1166 2912 m.
1179 2857 1202 2915 u
1215 2857 1274 2914 rus.
1287 2857 1313 2918 a.
1326 2857 1358 2930 1.)

758 3121 1002 3135 *uu-n·-

859 3352 914 3417 uo.
998 3427 1001 3435 ,

326 3529 391 3604 ΙΙΙ.
414 3531 574 3607 Honorius
590 3534 683 3618 pctpa
704 3553 725 3595 a
747 3529 951 3597 Jcnomcco
979 3530 1094 3596 coccos
1125 3531 1435 3620 Mapyaoomcpoan

327 3643 532 3728 elidepeaitctt
546 3639 707 3726 jocciuclc
737 3639 970 3704 oisszcsacrac'sc
998 3638 1085 3704 irctct
1117 3639 1302 3706 tuttakedilc.
1337 3642 1438 3708 121⁷.

435 3818 596 3886 Honorius
626 3817 805 3906 Episcopus
821 3835 933 3886 servus
964 3833 1129 3886 senorum
1159 3819 1222 3886 Dei
1259 3820 1438 3906 venerabili

327 3929 420 3999 tratri
444 3927 607 4014 Episcopo
634 3925 972 4010 Quinqueeoclesiensi
997 3925 1134 3996 salutem
1159 3935 1191 3994 ct
1215 3929 1438 4020 Apostolicam

326 4036 595 4106 benedictionem.
612 4035 663 4104 Ad
680 4033 882 4104 audientiam
904 4041 1046 4102 nostram
1071 4037 1232 4123 pervenit,
1257 4038 1345 4123 quod
1368 4044 1436 4104 tam

327 4145 438 4215 dilecti
453 4143 511 4210 filii
527 4131 570 4190 -’
583 4143 731 4211 -Prior
755 4149 788 4210 et
810 4145 929 4212 fratres
954 4141 1138 4230 Hospitalis
1163 4145 1275 4214 Sancti
1299 4145 1437 4213 Joanuis

327 4253 613 4341 Hierosolymitani
630 4252 662 4318 in
693 4251 883 4340 Hungaria‚
909 4273 1007 4337 quam
1031 4251 1301 4339 praedecessores
1325 4272 1435 4321 corum

327 4361 481 4447 decimas,
498 4369 615 4446 terras,
631 4361 752 4446 domos,
769 4361 895 4443 uineas,
911 4361 1145 4448 possessiones,
1170 4365 1274 4454 prata,
1298 4380 1433 4448 pascua,

326 4488 468 4554 nemora,
483 4469 677 4556 molendina,
700 4469 788 4556 jura,
814 4469 1080 4555 Jurisdiotionncs
1109 4475 1143 4537 ct
1173 4471 1338 4553 quaedam
1367 4469 1437 4536 alia

325 4577 413 4644 bona
428 4580 471 4646 ad
486 4577 657 4664 Hospitule
672 4578 776 4666 ipsum
791 4579 984 4665 spectantis,
1001 4575 1087 4647 datis
1102 4595 1199 4665 super
1215 4577 1276 4646 hoc
1298 4575 1432 4664 littoris,

326 4684 526 4770 interpositis
542 4687 729 4757 iuramentis
748 4685 824 4754 fatis
835 4687 1103 4757 renunciantibus
1120 4693 1153 4754 et
1167 4704 1269 4774 pones
1284 4685 1435 4772 adiectis,
