3222 5054
423 969 540 1046 Mittor
555 967 658 1032 raddon
672 965 738 1031 Fan
753 965 874 1052 delysdp
889 963 1064 1032 tto-roboret
1079 965 1168 1031 iame't
1182 965 1248 1032 trel.
1265 965 1363 1034 1226.

440 1147 599 1215 Nicotaus
613 1145 677 1214 Dei
691 1143 806 1231 gracia
821 1143 990 1212 Palatinus
1005 1143 1165 1214 ettiomes
1181 1143 1222 1214 de
1238 1145 1369 1232 Supruu
1386 1165 1450 1215 om-

334 1258 429 1326 nibus
443 1269 578 1341 presens
594 1253 750 1339 scriptum
766 1253 961 1338 inspecturis
977 1253 1115 1320 sulutem
1140 1253 1175 1324 in
1202 1257 1373 1323 saluatore
1388 1275 1451 1323 om·

334 1365 432 1434 uium.
457 1362 626 1431 Vniuersis
642 1367 751 1430 uotum
766 1360 838 1428 fiori
852 1363 1018 1442 uolumus,
1043 1361 1131 1446 quod
1156 1382 1228 1430 cunr
1243 1359 1371 1452 V(ries)
1387 1365 1455 1432 Ab*

273 1489 280 1498 ·
334 1476 397 1542 bas
412 1471 454 1540 de
469 1471 578 1539 Monte
593 1471 706 1538 Sauoti
720 1449 855 1537 Martini
870 1477 903 1538 et
919 1471 988 1539 eius
1004 1469 1189 1556 Capitulum
1204 1474 1238 1540 in
1253 1491 1320 1540 una
1344 1479 1449 1559 parte,

334 1579 500 1650 rduomioi
524 1578 626 1676 ¹Regis
643 1583 675 1644 et
689 1577 801 1665 populi
815 1578 941 1662 Regius
959 1585 1206 1674 castrensesque
1221 1578 1451 1668 wesprimien-

236 1737 239 1750 ·
334 1709 388 1759 ses
403 1689 446 1757 ab
461 1689 567 1754 altera
581 1676 755 1773 constituti,
772 1705 881 1756 corum
896 1689 991 1756 nobis
1006 1708 1104 1776 super
1120 1686 1280 1758 diuisione
1290 1696 1378 1758 terre
1390 1705 1452 1774 que

334 1797 451 1866 dicitur
465 1797 559 1864 Fenu
570 1796 786 1882 placitassent
794 1845 804 1882 ‚
831 1802 864 1862 et
878 1815 939 1864 nos
956 1796 1068 1866 ordine
1083 1795 1253 1866 iudiciario
1267 1799 1450 1884 proceden-

334 1914 385 1976 tes
399 1907 519 1976 iustam
532 1905 731 1993 porcionem,
746 1922 809 1988 que
824 1904 1004 1974 Ecclesiam
1021 1905 1118 1982 Beati
1132 1902 1265 1973 Martini
1280 1905 1458 1974 uidebatur·

334 2018 541 2101 contingere,
565 2014 688 2082 Abbati
715 2019 748 2082 et
766 2013 916 2100 Capitulo
932 1999 1030 2084 certis
1044 2016 1140 2083 metis
1157 2013 1346 2082 distinctam
1363 2009 1451 2082 testi-

199 2167 200 2170 =
333 2124 440 2191 monio
455 2124 636 2191 litterarum
652 2127 836 2212 nostramm
848 2119 984 2209 pacifice
994 2123 1229 2210 possidendam
1239 2121 1451 2206 contulimusi

334 2224 464 2300 undem
488 2238 563 2317 post
588 2242 713 2298 cursum
728 2229 859 2317 plurimi
876 2231 1031 2318 temporis
1047 2229 1145 2299 iidem
1160 2229 1330 2300 vdoornioi
1344 2227 1451 2317 Regii,

335 2357 408 2406 oum
422 2339 540 2407 iterato
557 2337 763 2424 fungeremur
779 2337 969 2406 Palatinatu
978 2389 987 2425 ,
1005 2347 1118 2408 contra
1138 2340 1339 2408 sentenciam
1356 2361 1378 2407 a
1393 2357 1449 2406 uo·

239 2453 246 2500 ἰ
334 2447 386 2516 bis
396 2447 558 2533 prolatam
568 2453 786 2531 erumpentes,
804 2451 838 2512 et
852 2453 958 2515 metus
975 2466 996 2513 a
1010 2443 1169 2534 pristaldo
1184 2454 1295 2516 nostro
1311 2455 1344 2514 et
1352 2448 1467 2532 Regis.

335 2563 462 2624 ereotas
478 2553 693 2639 destruentes,
706 2554 827 2622 dicum
836 2555 997 2623 Abbatsm
1013 2575 1112 2642 super
1127 2555 1244 2624 eadem
1260 2564 1348 2624 terra
1363 2555 1452 2624 iusti-

335 2661 432 2730 ficata
458 2682 567 2731 coram
592 2661 685 2730 nobis
701 2661 806 2728 denuo
826 2663 1044 2748 impetierunt
1077 2663 1223 2753 Cumque
1244 2665 1451 2733 manifestam

279 2859 281 2872 Ι
336 2771 554 2857 calumpniam
568 2771 710 2858 ipsorum
725 2769 931 2855 uidissemus,
947 2771 1197 2858 dampuauimus
1213 2771 1358 2851 eosdem,
1368 2772 1452 2842 sicut

335 2880 437 2967 decet,
454 2897 566 2949 seruos
582 2881 686 2948 tonsis
702 2880 859 2949 videlieet
881 2879 1023 2948 dimidiis
1038 2883 1200 2968 capitibus
1215 2901 1326 2950 eorum
1342 2881 1451 2950 crude-

335 2991 409 3058 liter
424 2996 617 3077 tractantes,
633 2997 666 3059 et
681 2983 780 3058 illem
789 2997 908 3059 terram
922 3012 982 3079 per
995 2991 1196 3078 prestuldum
1211 2999 1358 3060 nostrum
1367 2991 1451 3059 Bud-

335 3101 471 3170 merium
485 3100 708 3172 iteratometis
723 3101 926 3185 assignatam
935 3102 1059 3170 Abbati
1074 3101 1276 3170 contulimus.
1287 3101 1329 3168 vt
1343 3106 1449 3168 autem

336 3208 517 3278 huiusmodi
531 3211 698 3280 reivseries
715 3230 825 3278 coram
840 3209 933 3280 nobis
948 3216 1152 3298 pertractata
1167 3215 1360 3298 perpetuam
1369 3209 1450 3296 opti·

336 3325 415 3386 uest
429 3303 658 3420 stabilitatem,
685 3326 718 3387 et
733 3339 794 3387 uec
810 3321 874 3408 ipsi
890 3319 1059 3389 vdoomiot
1068 3371 1078 3407 ,
1103 3339 1164 3388 uec
1179 3320 1351 3405 quisquam
1367 3319 1450 3386 alius

338 3425 463 3510 aliquid
479 3447 576 3514 super
591 3427 651 3496 boo
664 3427 705 3496 de
721 3435 831 3498 cetero
846 3427 968 3496 audeat
983 3435 1200 3516 attemptare,
1216 3432 1386 3516 presentes
1400 3423 1451 3496 lit·.

337 3541 425 3604 teras
440 3544 567 3605 nostras
585 3539 821 3607 testimoniales
839 3537 980 3608 seeundo
998 3531 1218 3605 concessimus
1233 3535 1336 3623 sigilli
1352 3533 1453 3604 uosui
1590 3605 1591 3626 χ

337 3645 512 3714 munimine
526 3647 706 3718 roboratas.
729 3647 822 3717 Anno
838 3649 968 3718 Domini
982 3645 1241 3717 tt⁰uc⁰xx⁰uu

119 3911 126 3930 ,
248 3891 249 3896 Ν
308 3835 314 3842 ·
367 3837 416 3911 (ιι.
429 3837 932 3916 adseuerate-ermegardis
945 3823 1423 3928 okmtnytbol,roslytattltatike

178 3937 182 3948 '
489 4015 491 4020 Ι
588 3933 797 3996 sreotmmtoni
814 3933 967 4010 ttoptutg
984 3931 1204 4006 rovututom.)
