3222 5054
264 468 372 549 sigillo
389 465 501 534 fratris
516 465 581 532 mei
597 465 744 534 Marcelli
761 462 896 532 Comitis
913 466 1130 534 muniendam.
1154 467 1196 534 m
1212 467 1391 536 niobiismi-

264 595 323 642 nus
340 580 436 660 peto,
462 573 547 656 quod
573 575 672 640 istam
694 573 832 638 formam
849 574 1068 658 obligaeiouis
1087 578 1116 642 in
1134 576 1272 643 sormam
1287 578 1392 662 pupli-

264 704 338 750 oarn
359 682 466 767 redigi
492 683 627 750 faciatis
643 681 848 750 auctoritatis
865 689 973 750 cestre
989 683 1171 774 patrocinio
1188 685 1391 751 roborantes

266 793 384 860 Delum
400 789 489 877 apud
505 788 740 861 monasterium
754 789 867 856 Sancti
883 789 1014 860 Martini
1030 791 1088 860 nt
1102 790 1170 858 lsai
1186 789 1313 858 Marcii.

372 896 465 980 Quod
482 899 511 964 si
525 917 590 970 nou
607 915 721 968 omues
735 896 803 982 hijs
819 900 1023 984 exequendis
1038 899 1211 986 potueritis
1221 897 1391 982 interesse,

265 1009 350 1078 alter
366 1013 511 1076 uestrum
527 1025 568 1074 cc
583 1004 815 1074 nichilominus
832 1012 1021 1092 exequatur.

410 1221 553 1291 (Eredetic
573 1240 593 1279 a
610 1219 828 1282 suentenirtoni
845 1218 1001 1294 lbaptitsig
1017 1216 1241 1292 lovcbtrtban.)

695 1499 941 1514 *un—nnuma—

674 1915 676 1920 ,
813 1845 891 1911 teo.

272 2025 381 2092 Jokoh
393 2026 568 2112 prcrrmtei
579 2023 704 2112 pltspblt
720 2025 751 2088 cs
759 2024 867 2110 popei
881 2023 968 2088 kbvct
983 2021 1056 2087 olto
1071 2021 1400 2109 Uridspoocorrbalrsi

268 2137 345 2222 april
361 2141 392 2198 e's
408 2157 427 2196 α
443 2131 694 2218 Somoyymeyyei
715 2133 842 2216 purpurio
863 2151 884 2193 o
899 2129 981 2193 tired
994 2127 1130 2215 tlyyeben
1143 2125 1318 2215 cyyessciqre
1335 2129 1397 2216 ltp-

488 2237 497 2242 ”
737 2238 807 2302 colo.
827 2237 924 2300 1233.

376 2415 521 2488 Jacobus
544 2415 764 2484 miseracione
788 2415 912 2482 Diuina
934 2413 1145 2482 Prenestinus
1160 2414 1294 2484 Electus
1311 2417 1396 2502 spo

269 2521 387 2592 stolice
403 2523 499 2594 Sedis
515 2525 661 2609 Legatos
677 2524 842 2591 uniuersis
857 2527 1030 2609 presentes
1046 2521 1174 2592 litteras
1200 2525 1399 2610 inspecturis

269 2632 408 2698 salutem
423 2633 460 2702 in
472 2631 625 2702 Domino.
642 2632 695 2701 Ad
707 2631 936 2700 Vniuersitatis
952 2638 1062 2700 uestre
1078 2631 1235 2698 noticiam
1251 2633 1399 2700 uolumus

270 2741 464 2825 peruenire,
489 2741 673 2824 quodcum
701 2741 787 2807 inter
802 2739 936 2808 fratrem
952 2741 1131 2822 Joaucam,
1156 2747 1399 2826 procuratorem

269 2847 350 2914 Vrie
373 2849 515 2918 Abbatis
541 2856 574 2920 et
598 2850 785 2918 Conuentus
811 2847 925 2914 Sancti
949 2847 1082 2915 Martini
1100 2848 1143 2914 (ie
1160 2847 1263 2914 Sacro
1290 2848 1399 2913 llonte

270 2956 440 3034 Pannonis
456 2976 498 3025 ex
513 2965 701 3044 emperie,
718 2961 750 3022 et
760 2955 916 3022 Berillum
927 2954 1134 3024 sacerdotem
1141 2955 1256 3022 Sancti
1266 2949 1404 3035 Georgii
1533 2951 1539 2964 '

271 3064 313 3132 de
328 3063 409 3134 villa
425 3065 520 3149 Joba,
538 3073 782 3150 procuratorem
799 3083 859 3132 seu
875 3063 1036 3133 sindicurn
1051 3063 1264 3132 sacerdotum
1278 3065 1320 3131 de
1337 3062 1396 3132 Sa-

271 3171 383 3260 marsi,
400 3173 442 3240 de
458 3173 533 3244 Gan
542 3223 551 3258 ‚
569 3174 610 3244 de
626 3175 759 3242 Endred
768 3225 778 3258 ,
797 3173 838 3240 de
854 3173 1054 3258 Kevrnshig‚
1071 3173 1112 3240 de
1128 3173 1265 3258 Zorlad‚
1281 3171 1323 3238 de
1339 3171 1400 3238 (le-
1529 3223 1534 3230 .

270 3280 345 3366 pel,
361 3281 403 3348 de
418 3283 504 3365 Tur,
521 3281 565 3350 de
581 3281 725 3368 Gomas,
742 3283 784 3350 de
803 3280 928 3366 Ohega,
945 3283 987 3352 de
1002 3282 1127 3368 Karali,
1145 3279 1236 3348 etde
1251 3279 1349 3361 lobs,
1368 3285 1400 3348 et

271 3397 452 3459 cumrerum
477 3390 701 3458 Ecclesiarunr
725 3391 760 3458 in
787 3391 950 3458 comitatu
975 3387 1164 3473 simigiensi
1185 3387 1401 3456 existencium

273 3515 314 3564 es
329 3496 455 3582 altera,
481 3499 610 3582 questio
626 3499 660 3564 in
677 3497 780 3566 nostri
796 3497 971 3582 presencia
991 3502 1191 3580 uerteretur;
1219 3495 1400 3579 questionis

275 3604 368 3674 cuius
383 3611 477 3672 tenor
492 3605 569 3672 tulis
584 3613 675 3674 erat:

378 3708 480 3780 Vobis
504 3710 635 3780 domino
676 3715 706 3782 l.
732 3713 922 3781 Prenestino
947 3712 1062 3779 Eleeto
1088 3711 1278 3799 Apostolice
1305 3709 1402 3782 Sedis

272 3819 398 3905 Leguto
415 3837 596 3902 conqueror
610 3821 835 3914 procuratorio
852 3819 983 3890 nomine
1000 3819 1070 3906 Ego
1080 3819 1233 3888 lobanca
1247 3837 1400 3906 procurer

272 3934 323 3994 tor
347 3945 406 3994 seu
432 3927 583 4000 Sindicue
609 3927 729 3999 domini
752 3929 893 3998 Abbatis
910 3935 944 3996 et
960 3929 1068 3994 tocius
1083 3927 1272 3996 Gouuentns
1288 3927 1409 3995 Sancti·

272 4035 404 4106 Martini
419 4036 461 4106 de
476 4037 657 4122 Pannonia,
679 4045 711 4129 et
725 4045 813 4125 peto,
831 4037 918 4123 quod
933 4035 1110 4106 inhibeatis
1126 4036 1354 4106 sacerdotibus
1370 4036 1409 4104 in.

272 4141 460 4229 Simigiensi
472 4145 638 4214 comitatu
656 4144 882 4232 existentibus,
900 4145 1030 4212 scilieet
1044 4143 1085 4214 de
1101 4145 1252 4230 Samari,
1265 4143 1306 4212 sle
1317 4143 1401 4230 Gan,

273 4255 306 4314 ct
320 4253 438 4322 ceteris
452 4254 654 4337 consumetis
661 4305 673 4340 ,
696 4261 732 4322 ut
746 4261 877 4324 cessent
892 4255 935 4324 ab
952 4255 1131 4322 exaccione
1146 4253 1334 4323 cubulorum
1349 4269 1400 4320 cu

272 4357 406 4428 iuslibet
420 4361 545 4445 speciei
560 4362 604 4432 ab
620 4361 805 4432 bominibus
822 4365 966 4432 cuiusuis
976 4363 1175 4436 condicionis
1184 4363 1319 4450 propris
1328 4359 1399 4430 bor·

274 4481 332 4530 res
356 4473 388 4530 et
413 4469 548 4536 cellaria
572 4467 788 4555 habentibus,
814 4491 886 4538 cum
912 4489 971 4558 per
987 4469 1172 4538 huiusmodi
1187 4471 1400 4539 collusionem

275 4571 427 4639 Ecclesia
443 4580 554 4640 nostro
570 4578 714 4660 grauiter
730 4575 855 4644 ledetur
872 4586 904 4644 ct
921 4577 1147 4665 dapnificetur.
1174 4577 1329 4663 Dampnc
1344 4595 1398 4644 au·
