3214 5072
337 540 630 608 transmisissemus
646 537 711 608 fide
725 537 868 627 dignum.
879 539 968 608 Idem
990 540 1108 608 exinde
1123 543 1167 611 ad
1182 561 1242 611 nos
1255 545 1380 612 reuersi
1396 565 1455 612 no·

337 648 387 716 bis
403 647 604 718 uniformiter
617 650 805 732 retulerunt,
823 648 911 732 quod
926 649 989 734 ipsi
1005 649 1090 716 feria
1105 651 1249 717 seeundo
1263 651 1348 718 inter
1364 657 1454 720 oeta·

337 777 398 848 ras
413 757 594 827 natiuitatis
609 759 712 826 llarie
728 756 771 824 ad
786 755 889 824 faeies
900 765 990 834 ,terre
1006 759 1304 842 prenominatorum
1318 779 1455 848 posses·

272 881 275 888 ’
301 866 302 870 ’
337 865 471 950 sienem,
488 867 604 934 vieinis
620 870 652 934 et
668 865 900 933 nommetauais
916 865 1091 933 earundem
1107 866 1184 934 illue
1209 869 1354 954 legitime
1379 887 1454 935 eon·

336 975 471 1058 ueealis,
488 973 695 1059 presentibus
710 974 806 1041 Petro
823 973 947 1040 Tutior
963 974 1005 1040 de
1025 974 1203 1062 Senfalwa,
1228 977 1396 1061 Stephano
1413 975 1456 1044 de

337 1081 480 1170 Gerend,
495 1081 652 1150 Ladislao
676 1081 718 1150 de
743 1081 824 1148 Jara
849 1084 1078 1150 eommetaneis
1102 1083 1250 1170 partibus
1274 1085 1455 1172 personali·

322 1196 387 1256 ier
402 1189 644 1274 adherentibus,
661 1190 701 1256 ae
720 1191 777 1275 :jus
802 1197 995 1277 patronatus
1019 1191 1169 1260 neelosie
1195 1194 1243 1261 sie
1266 1193 1452 1280 proeeden:

321 1299 418 1365 ‘Item
434 1303 522 1364 meta
552 1296 770 1384 predietarum
793 1299 1036 1384 possessionum
1062 1299 1295 1388 Epplazfelroe
1317 1307 1352 1367 el
1379 1303 1457 1368 Zeu

242 1410 278 1488 f,
338 1405 456 1471 Miller
470 1407 602 1492 ineepta
618 1411 668 1472 est
683 1406 716 1472 in
732 1405 876 1490 quodam
891 1407 995 1474 rivulo
1021 1407 1159 1475 Peerelre
1177 1409 1302 1494 perhola
1326 1416 1454 1496 veeste,

229 1565 231 1570 .
338 1533 440 1601 prope
456 1515 630 1602 oepellem,
647 1516 736 1584 eleb
753 1505 811 1584 ille
827 1517 931 1583 rivulo
956 1535 1080 1583 sursum
1096 1518 1290 1603 asoedendo,
1307 1515 1456 1605 superius

309 1661 313 1669 ·
338 1613 374 1690 iu
389 1624 533 1711 planicie
548 1634 631 1692 terre
646 1643 759 1692 uersus
775 1624 911 1711 plegem
928 1623 1166 1692 oeoid'entalem
1181 1627 1321 1693 tenendo
1348 1633 1456 1692 ereete

289 1779 293 1784 -
340 1725 492 1799 sunt'due
508 1740 593 1820 mete
610 1733 652 1799 ab
668 1733 820 1816 antiquis,
837 1731 1022 1800 seeundum
1047 1733 1254 1801 donationem
1279 1731 1385 1801 felieis
1408 1753 1456 1798 re-

338 1839 536 1908 eordationis
546 1839 625 1908 Belo
635 1841 746 1926 Regis,
758 1840 843 1908 eleb
860 1841 926 1907 illis
938 1841 1033 1908 metis
1049 1863 1107 1928 per
1121 1861 1219 1924 unam
1235 1841 1356 1908 vallem
1370 1841 1458 1909 latus

338 1947 458 2015 montis
481 1947 658 2014 Sieodeeie
685 1948 807 2015 direete
830 1967 974 2016 sursum»
991 1949 1209 2032 ascendendo,
1241 1948 1392 2034 superins
1423 1951 1458 2015 in
1605 2009 1606 2038 ,

296 2139 299 2156 Ι
337 2054 515 2124 finevallis
532 2063 641 2122 oreore
656 2063 707 2123 est
720 2075 787 2122 una
803 2063 890 2122 meta
904 2061 1022 2138 terrea,
1039 2065 1072 2124 et
1087 2058 1130 2124 ab
1146 2057 1205 2124 illa
1231 2063 1319 2124 meta
1343 2077 1452 2143 proee
1492 2051 1494 2054 ’
1605 2071 1606 2104 ³

339 2165 446 2234 dendo
463 2165 507 2232 ad
522 2165 803 2251 quadrangulares
819 2167 918 2233 eastri
934 2164 1108 2232 Sieeedooie
1129 2187 1151 2233 a
1174 2173 1268 2252 parte
1292 2164 1438 2232 orienlai

340 2267 469 2357 aparte
484 2291 561 2338 uero
577 2270 771 2338 oeeidentali
787 2271 908 2340 direele
924 2275 1073 2359 superins
1098 2293 1214 2341 uersus
1239 2272 1376 2358 plagam
1401 2291 1454 2339 oe·

334 2377 536 2468 leidentalem
552 2377 758 2446 aseendendo
774 2379 808 2446 in
824 2379 929 2449 medio
943 2383 1085 2468 planioie
1099 2389 1185 2448 terre
1201 2389 1311 2448 ereata
1327 2385 1377 2448 est
1391 2399 1460 2448 uua

339 2492 425 2555 meta
441 2495 560 2555 demea.
580 2488 698 2570 Iu'qua
713 2488 804 2554 fossa
820 2496 871 2555 est
893 2491 991 2557 eliam
1015 2509 1113 2557 unum
1139 2491 1256 2580 vitrum
1284 2509 1356 2556 eum
1380 2489 1458 2554 vino

339 2596 508 2688 prosigue
526 2595 643 2661 metali.
667 2595 709 2661 let
724 2595 766 2664 ab
783 2595 841 2662 illa
856 2603 945 2664 meta
971 2599 1087 2664 iterum
1109 2615 1221 2664 uersus
1248 2599 1381 2684 plagam
1407 2615 1460 2660 oe·

340 2701 533 2770 eidentalem
550 2704 698 2788 superius
709 2701 915 2772 ascendendo
930 2705 965 2770 in
981 2711 1089 2771 monte
1104 2725 1125 2770 a
1142 2711 1234 2790 parto
1250 2705 1341 2792 Zyed
1356 2724 1460 2790 prope

271 2813 273 2817 ‘
339 2813 426 2878 uiam
442 2816 551 2876 ereela
567 2815 617 2875 esi
631 2829 698 2875 una
713 2817 801 2878 mela
811 2809 934 2896 'terrea
952 2819 985 2880 et
1009 2814 1051 2880 ab
1067 2811 1126 2880 illa
1151 2820 1239 2878 mela
1265 2803 1457 2879 inelinando

243 2928 246 2934 ’
338 2936 455 2988 uersus
471 2917 605 3004 plagam
631 2918 877 2986 meridionalem
903 2919 1129 2987 deseendendo
1146 2917 1188 2986 ad
1203 2917 1338 2987 fluvium
1355 2920 1459 3006 Zyed-

190 3081 194 3090 .
280 3048 283 3056 ·
334 3026 480 3114 praedulce
510 3033 741 3112 nuncupatum,
765 3035 799 3095 et
823 3031 929 3115 ipsum
957 3028 1116 3112 saliendo,
1143 3031 1293 3115 superius
1321 3030 1355 3096 iu
1377 3025 1459 3093 fines

217 3212 220 3218 1
340 3134 526 3220 Heppmozro
541 3133 663 3200 direele
680 3133 723 3199 ad
747 3142 863 3220 parles
884 3135 1114 3203 meridionales
1138 3135 1357 3222 procedendo,
1383 3143 1459 3220 post

341 3261 439 3309 uuam
454 3244 590 3308 alteram
606 3248 713 3312 orente
729 3251 804 3310 sunt
819 3249 885 3311 tres
902 3251 987 3310 mete
1003 3249 1118 3328 terreo,
1144 3251 1177 3310 et
1201 3245 1243 3310 ab
1269 3243 1336 3310 illis
1362 3242 1460 3308 metis

342 3347 570 3416 adseendendo
586 3347 629 3413 ed
643 3348 774 3416 flurium
790 3349 895 3414 Perde
909 3347 951 3437 ²⁸).
970 3350 1011 3416 Et
1026 3340 1133 3436 ipsum
1150 3349 1460 3436 saliendosnperius

339 3459 372 3526 in
388 3463 498 3524 monle
515 3461 624 3525 ereeta
644 3464 692 3523 est
708 3451 772 3526 una
788 3465 875 3524 mela
900 3465 1016 3541 terrea,
1033 3465 1066 3524 ei
1082 3457 1125 3525 ab
1140 3458 1198 3525 illa
1214 3465 1301 3526 meta
1315 3479 1375 3546 por
1391 3478 1460 3556 ¹¹¹9?

341 3563 447 3633 dienm
464 3563 672 3648 procedendo
688 3567 732 3633 ad
754 3565 857 3652 Erlyle
879 3587 902 3634 a
926 3574 1020 3652 paule
1045 3564 1313 3648 Zeetmilralfaleo
1337 3566 1461 3633 direete

342 3671 562 3740 discendendo
578 3671 621 3739 ad
637 3672 875 3742 mediumflurii
885 3675 1047 3761 Aranyas,
1059 3679 1092 3740 et
1107 3675 1139 3740 in
1156 3671 1362 3742 medioflurii
1374 3672 1458 3739 Ara·

344 3779 666 3867 nyesdeseendendo
678 3801 791 3849 versus
800 3784 934 3870 plagam
944 3783 1134 3850 orientalem
1150 3784 1194 3850 ad
1211 3791 1355 3849 oestrum
1372 3781 1460 3847 Are-

339 3912 491 3976 eyaewer
500 3898 729 3976 nuueupatum,
740 3899 772 3960 et
788 3911 809 3958 a
824 3899 931 3960 oestro
946 3893 1069 3961 direeto
1084 3913 1143 3979 per
1157 3889 1289 3960 fluvium
1300 3894 1459 3978 Aranpas

343 3997 491 4066 saliendo
507 4017 622 4066 versus
637 4000 770 4084 plagam
787 4001 1032 4070 meridionalem
1057 4001 1102 4068 ad
1126 3999 1207 4068 fines
1231 4019 1397 4067 nemorum
1423 3999 1459 4064 iu

341 4105 501 4191 quoddam
511 4113 645 4174 meatus
662 4125 745 4191 aque
761 4127 820 4194 per
831 4108 971 4178 medium
981 4107 1187 4200 procedendo
1205 4107 1252 4176 ad
1271 4107 1405 4176 fluvium
1421 4105 1461 4173 de

341 4212 623 4284 antmihulialwa
640 4189 867 4284 descendendo
887 4224 1065 4301 curreutes,
1076 4217 1132 4285 vbi
1152 4215 1211 4284 ille
1229 4235 1314 4300 aqua
1327 4213 1462 4302 biparti-

342 4327 431 4389 turet
439 4323 644 4408 permedium
652 4319 741 4390 fluvii
751 4323 976 4392 deoendendo
985 4343 1099 4394 versus
1109 4323 1242 4411 plagam
1253 4323 1457 4406 orientalem,

341 4436 435 4513 prout
452 4449 540 4514 aqua
555 4431 701 4499 eirenens
718 4429 805 4499 eadit
820 4429 854 4497 in
868 4429 1002 4528 fluuium
1017 4431 1180 4520 Aranyas,
1196 4437 1229 4498 et
1244 4431 1291 4511 sie
1307 4433 1391 4514 mete
1408 4431 1456 4514 iu·

361 4595 563 4611 ——p—-t
600 4603 604 4612 ,

360 4689 362 4694 ’
450 4673 481 4748 ⁵)
499 4675 576 4731 Most
593 4675 802 4761 Pordepalsks.
