3234 5072
669 401 821 500 ,IL

184 599 228 668 ad
241 600 306 666 hoe
320 615 453 686 parcere
469 593 623 664 demerit.
640 596 727 663 Eeee
743 594 916 682 impeditur
926 597 1021 681 bello,
1031 598 1297 688 quodsapientls·

186 709 286 776 slmns
300 706 370 773 Rex
385 722 443 793 pro
457 701 655 774 necessitato
671 703 758 770 dedit
766 729 779 787 ,·
793 702 906 774 iuuare
925 724 977 772 me
992 704 1035 771 ¹lu
1052 707 1222 792 euangelio
1235 729 1297 778 nee

187 821 284 884 vaoat
298 833 359 882 neo
374 815 473 884 valet.

291 925 427 1010 Rursus,
442 942 516 990 eum
527 920 643 988 Liutioi
670 921 791 1008 pagani
815 919 882 990 sint
906 929 939 992 et
963 923 1052 992 idola
1078 924 1207 1011 colant,
1232 945 1297 998 nou

186 1033 273 1100 misit
287 1033 377 1102 Dens
393 1031 427 1098 in
442 1051 496 1098 eor
511 1029 611 1118 Regis
621 1029 741 1097 ¹hostes
756 1030 841 1098 tales
864 1036 996 1121 propter
1020 1021 1300 1108 Christianismum

185 1141 327 1226 glorioso
343 1139 519 1206 eertamine
535 1137 708 1222 debellare,
725 1137 1010 1225 qnodestiubenta
1025 1140 1197 1227 euangelio
1213 1163 1300 1214 oom-

187 1247 309 1336 pellere
325 1247 457 1316 intrare.
472 1247 588 1314 Nonne
604 1265 740 1330 magnus
756 1245 858 1314 honor
881 1263 1064 1334 magnaque
1088 1249 1177 1326 salus
1200 1250 1300 1336 Regis

186 1353 351 1442 esset,'(ut
365 1354 550 1422 Ecclesiam
568 1361 701 1440 angeret
732 1361 765 1422 et
788 1355 1009 1441 Apostolioum
1040 1378 1157 1429 nomen
1188 1377 1297 1428 eoram

186 1465 256 1530 Deo
272 1461 458 1550 inveniret),
474 1462 536 1532 hoo
551 1463 702 1532 laborare
717 1469 753 1530 ut
768 1463 989 1550 baptizaretur
998 1484 1157 1552 paganus,
1167 1483 1298 1553 pacem·

187 1593 246 1658 que
262 1572 385 1642 donare
400 1569 628 1666 adiuvantibus
641 1570 684 1640 ad
699 1570 760 1640 hoo
770 1570 990 1640 christiana?
1006 1573 1071 1642 Sed
1086 1573 1120 1642 in
1135 1575 1197 1644 huo
1206 1582 1300 1664 parte

187 1680 307 1776 pendet
322 1699 415 1748 omne
431 1679 560 1764 malum,
578 1700 643 1762 qna
659 1697 719 1746 nee
743 1679 813 1745 Rex
836 1679 931 1748 fidem
955 1681 1056 1750 habet
1079 1683 1299 1770 Boleulavoni,

186 1808 245 1859 nee
259 1790 333 1874 ipso
347 1789 430 1854 irato
446 1787 537 1871 Regi.
553 1787 646 1853 Eheu
661 1793 772 1854 nostra
788 1787 934 1855 infelicia
958 1796 1105 1876 tempora
1117 1792 1123 1856 l
1135 1781 1201 1876 'Per
1217 1793 1298 1860 San-

188 1903 272 1964 elum
288 1898 531 1984 Imperatorem,
548 1913 703 1980 magnum
724 1895 979 1980 Constantinum,
995 1917 1053 1984 per
1069 1898 1236 1984 exemplar
1251 1917 1298 1965 re-

186 2005 316 2090 ligionis
332 2005 484 2090 optimum
500 2004 674 2072 Karoluml
699 2011 749 2074 est
764 2025 850 2080 nune
864 2006 920 2090 qui
933 2013 1147 2091 persequatur
1164 2005 1298 2074 curisti·

187 2135 302 2182 anum:
318 2134 418 2185 nemo
428 2109 529 2199 prope
547 2113 604 2197 qni
620 2119 785 2186 eonvertat
799 2118 983 2200 paganum!
1001 2114 1112 2200 Unde,
1124 2136 1142 2182 o
1154 2118 1222 2182 Rex
1232 2166 1241 2201 ,
1266 2117 1294 2181 si
1419 2119 1420 2124 ’

187 2220 315 2289 dederis
326 2241 445 2313 ¹paoem
461 2220 662 2306 Christiania
672 2229 1013 2311 pugnaturnspropter
1024 2222 1299 2292 christianitatem

188 2349 260 2400 eum
275 2330 425 2416 paganis,
441 2327 586 2415 placebit
606 2327 663 2396 tibi
682 2329 714 2396 in
731 2328 784 2396 die
814 2332 1000 2416 novissimo,
1033 2351 1116 2415 enm,
1149 2331 1297 2399 omnibus

188 2439 341 2532 dImIssis,
357 2437 486 2506 steteris
502 2437 534 2503 in
552 2443 726 2524 conspeetu·
740 2439 900 2524 Prinoipis
925 2457 963 2505 eo
990 2439 1108 2506 minori
1132 2439 1242 2506 dolore
1267 2445 1300 2506 et
1357 2465 1362 2474 ·

188 2546 307 2634 gaudio
323 2542 449 2629 maiori,
465 2563 526 2627 quo
542 2542 758 2611 reeordareris
774 2545 945 2613 tenuiora
962 2545 1079 2613 feoisse
1104 2545 1198 2612 bona.
1224 2547 1300 2614 Non

189 2661 245 2739 est,
263 2653 348 2737 qnod
364 2653 476 2721 timeat
491 2651 572 2736 Rex,
588 2673 630 2718 ne
646 2653 814 2738 religionis
844 2653 947 2738 homo,
980 2673 1105 2722 memor
1130 2655 1297 2740 malorum,

187 2763 299 2847 iungat
313 2781 350 2828 se
365 2761 514 2847 paganis.
531 2759 670 2828 Tantum
682 2761 896 2848 impossibilia
907 2761 1008 2828 nolite
1018 2781 1166 2848 querere.
1182 2763 1298 2846 Aliter,

188 2871 346 2955 quomodo
363 2869 433 2934 Rex
449 2869 519 2936 vult
533 2876 653 2954 noster,
670 2869 723 2936 hio
737 2870 910 2941 Boleslavo
940 2890 1000 2942 sos
1030 2887 1179 2938 saturum
1209 2869 1290 2938 fauit

187 2979 261 3064 qnia
277 2979 311 3045 in
328 2983 473 3047 aurnum
491 2997 556 3044 non
571 2978 667 3044 debet
696 2977 859 3047 dimittere
876 2979 956 3045 etin
973 2973 1200 3065 expugnandis
1230 2997 1296 3062 pa·

186 3087 279 3171 genis
295 3104 423 3170 semper
438 3083 535 3150 debet
550 3101 608 3151 vos
618 3083 868 3168 diligentissime
879 3087 1035 3154 adiuuare
1050 3093 1083 3152 et
1098 3084 1132 3151 in
1150 3083 1296 3154 omnibus

188 3195 325 3262 libenter
341 3192 473 3264 servio.
484 3190 518 3258 Ὀ
535 3197 657 3276 quanta
675 3191 760 3259 bona
775 3200 807 3260 et
823 3187 991 3260 commoda
1021 3189 1055 3258 in
1086 3189 1296 3260 eustodiendo

187 3301 433 3370 christianismo
465 3305 498 3367 et
526 3299 559 3364 in
590 3299 804 3366 convertendo
835 3299 1028 3387 paganismo
1061 3305 1297 3384 ooneurrerent,

186 3431 256 3478 eum
271 3408 354 3476 sieut
369 3413 462 3491 pater
478 3405 610 3492 Myseoo
626 3426 698 3472 eum
715 3427 752 3474 eo
768 3407 824 3491 qui
839 3412 981 3472 mortuns
1010 3412 1061 3472 est
1081 3405 1295 3491 Imperatore,

186 3519 233 3585 lta
249 3515 336 3584 filius
350 3515 544 3582 Boleslavus
561 3534 633 3580 oum
649 3514 751 3597 robis,
768 3513 824 3598 qui
840 3513 911 3580 sola
925 3529 1002 3597 spes
1017 3510 1104 3580 orbis
1119 3517 1301 3600 superstat,

186 3625 317 3706 viveret,
333 3629 442 3690 nostro
458 3623 565 3708 Rege!
719 3615 721 3620 ’
896 3625 899 3632 ’
929 3609 931 3616 '
1037 3613 1038 3616 ’

291 3733 378 3798 Inter
393 3731 453 3798 heo
467 3749 531 3796 non
548 3729 651 3799 lateat
666 3732 798 3816 Regem,
813 3725 899 3813 quod
908 3729 1090 3816 Episcopus
1098 3733 1209 3796 noster
1224 3747 1296 3798 enm

186 3843 318 3932 egregio
334 3837 499 3924 monaoho,
515 3856 609 3921 quem
624 3839 736 3924 settle,
753 3837 916 3905 Roderto
933 3839 1016 3905 nltra
1034 3856 1123 3905 mare
1138 3837 1172 3904 in
1187 3837 1295 3905 Euan·

186 3952 307 4040 galium
329 3948 438 4034 Sulgis
460 3945 798 4014 transmiserat.
823 3945 992 4024 Quomodo
1008 3947 1173 4014 venientes
1188 3945 1297 4012 nunuii

185 4059 354 4126 vernsime
369 4055 528 4139 dixerunt,
544 4049 648 4140 Ipsum
663 4055 824 4122 seniorem
840 4055 1035 4140 Suigiorum,
1058 4053 1150 4139 enjus
1177 4049 1296 4122 dudum

184 4185 265 4234 uxor
281 4165 468 4233 Christiana
485 4169 565 4249 erat,
582 4161 706 4248 gratias
721 4163 792 4232 Deo
808 4163 996 4248 baptizavit
1021 4161 1101 4229 Gom
1123 4179 1185 4244 quo
1208 4160 1299 4231 mille

183 4273 331 4341 homines
346 4279 380 4338 et
395 4277 521 4356 septem
547 4269 667 4355 plebes.
687 4271 824 4340 eandem
848 4269 986 4354 gratiam
1010 4287 1085 4334 mox
1108 4274 1144 4334 nt
1168 4287 1296 4356 reoepe-

184 4389 265 4449 runt.
290 4381 380 4476 Quos
396 4381 494 4447 oeteri
515 4378 676 4466 indignati
701 4379 881 4448 interficere
906 4377 1092 4462 querebant.
1117 4373 1215 4463 Spem
1241 4379 1297 4446 ha-

184 4491 298 4558 bentes
313 4507 425 4558 omnes
441 4489 562 4557 reverti
575 4507 648 4555 oum
665 4487 836 4576 llpisoopo,
853 4485 895 4553 ad
919 4493 1047 4572 tempus
1069 4487 1178 4554 looum
1202 4485 1296 4554 dede

183 4607 268 4666 runt.
292 4597 343 4664 De
361 4617 491 4681 quorum
507 4590 622 4687 habitu
636 4605 669 4664 et
683 4596 866 4665 reversione
882 4595 926 4662 ad
951 4591 1182 4682 explorandum
1206 4596 1296 4663 mnsi

183 4707 294 4776 nunoil
309 4727 374 4775 non
388 4707 534 4778 redeunt.
559 4701 767 4790 Quocumque
782 4707 919 4792 dooeut,
941 4704 1053 4776 mento
1078 4704 1122 4776 ad
1144 4721 1214 4788 uos,
1230 4701 1295 4771 rel·

1109 4812 1149 4880 2⁸
