3222 5054
9 577 10 640 ι

9 641 11 732 Ι

9 831 11 928 i

680 327 822 435 ,δῶ-,η

469 429 477 464 ί

170 521 346 592 munimine
361 523 396 590 iu
408 529 601 610 perpetum
619 523 817 590 roboratam.
841 522 961 588 Datum
983 539 1073 588 anno
1096 522 1212 606 macie
1228 521 1303 588 snt-

169 631 286 699 iosimo
300 627 553 701 comxxnln
569 630 678 716 Regni
694 637 803 697 autom
818 631 925 700 nostri
939 647 1027 698 anno
1042 628 1165 698 XXX0.

282 807 391 880 hypsea
408 807 544 865 Eredctie
557 793 709 880 tenydru'yi
722 807 814 866 sudles
826 805 1016 880 bdrhdrtydra
1036 825 1092 864 van
1114 809 1195 878 irre,
1220 807 1308 879 melp-

175 897 233 954 nsk
246 895 399 954 elvesatett
410 897 506 953 kettds
519 896 633 970 paesete
646 913 681 952 an
695 895 753 952 aldi
766 895 915 970 ddlhajtott
928 893 1088 970 hdrtydrti,
1099 895 1166 952 sold
1180 893 1211 954 ds
1224 895 1306 954 fehdr

177 985 289 1042 sudrott
300 984 454 1060 aelyemrt'l
467 983 595 1058 fflggdtt,
607 983 708 1058 Ujmu
722 985 868 1058 Idptdban
881 983 968 1044 tobbt
980 1002 1046 1042 nem
1059 983 1173 1043 ldtesik.

330 1145 474 1218 OEredetie
486 1163 504 1204 a
516 1146 622 1219 ttkkti
634 1145 822 1218 lcvtlttrbm,
835 1146 916 1208 turc
929 1147 964 1204 A.
977 1165 1004 1206 n.
1018 1147 1044 1204 2.
1058 1135 1154 1222 Erip.)

208 1853 250 1917 ΙΙ.
267 1851 377 1917 miae
393 1849 573 1938 adomdcyo
586 1873 607 1914 a
617 1850 853 1938 paaaocdalmi
867 1853 1002 1940 apdtsdp
1019 1855 1178 1919 tadmdro.
1197 1856 1295 1920 1233.

290 2031 442 2098 Andreas
459 2029 521 2096 Dei
537 2029 651 2112 gracia
662 2030 733 2096 Rex
749 2027 917 2114 Hungarie
933 2031 1083 2098 omnibns
1095 2029 1217 2100 Christi
1229 2030 1310 2108 ¹fide·

184 2139 268 2206 libus
284 2145 455 2224 presentes
471 2127 585 2204 literas
601 2138 798 2225 inspecturis
826 2138 967 2204 salutem
994 2146 1027 2204 et
1046 2140 1187 2205 omnium
1213 2139 1313 2205 bono·

189 2265 259 2314 mm
274 2247 517 2314 incrementum.
552 2246 645 2312 Licet
660 2248 766 2313 iustas
781 2247 962 2332 peticiones
978 2246 1085 2332 Regia
1099 2247 1314 2315 mansuetudo

185 2355 356 2421 admittere
372 2353 513 2440 debeat,
541 2354 586 2420 ad
611 2373 652 2420 ea
678 2361 787 2420 tamen
802 2355 1027 2440 promovenda
1044 2355 1313 2422 clementioribus

186 2463 290 2529 oculis
307 2469 340 2528 et
355 2461 538 2529 ardentiori
555 2462 664 2529 cordis
681 2461 848 2530 desiderio
865 2463 963 2528 debet
978 2463 1167 2548 intendere;
1193 2463 1227 2530 in
1247 2467 1314 2547 qui-

187 2571 247 2636 bus
263 2570 451 2657 specialiter
461 2570 608 2636 Ecclesia
619 2570 683 2636 Dei
700 2583 732 2637 et
742 2573 891 2656 personis
902 2569 1022 2637 Divino
1032 2569 1140 2638 officio
1150 2573 1315 2656 mancipa-

187 2677 229 2744 tis
245 2677 497 2746 misericorditer
513 2679 712 2744 subvenitur.
745 2679 799 2744 Ad
823 2679 1046 2749 uniuersorum
1071 2681 1168 2764 igitur
1193 2681 1315 2750 Sancte

188 2785 304 2852 Matris
322 2785 468 2852 Ecclesia
484 2784 622 2852 filiorum
636 2785 790 2852 noticiam
806 2793 875 2852 tam
890 2788 1116 2873 presencium,
1146 2809 1244 2872 quam
1259 2809 1315 2875 po-

189 2901 347 2960 sterorum
362 2893 479 2960 harum
494 2893 722 2962 insinuacione
739 2895 887 2984 volumus
903 2895 1093 2980 pervenire,
1110 2897 1197 2980 quod
1214 2897 1317 2964 domi·

190 3023 248 3070 nus
265 3003 375 3089 Vryas
391 3001 440 3069 vir
455 3003 630 3088 religiosus
640 3053 649 3088 ,
675 3003 788 3070 Abbas
814 3003 965 3070 Ecclesio
991 3003 1103 3070 Sancti
1127 3005 1259 3071 Martini
1275 3005 1317 3073 de

190 3109 297 3186 Monte
313 3111 491 3194 Pannonio,
509 3118 543 3177 et
559 3111 705 3196 ejusdem
722 3112 872 3178 Ecclesia
888 3113 1019 3196 fratres,
1044 3111 1105 3176 viri
1120 3113 1231 3195 utique
1246 3133 1319 3199 pro·

191 3219 311 3286 ridict
325 3219 459 3286 disereti
484 3239 524 3285 ac
549 3221 635 3287 bone
658 3219 941 3303 conversacionis,
967 3220 1011 3284 ad
1036 3237 1096 3285 nos
1113 3221 1318 3307 accedentes,

193 3327 357 3395 humiliter
372 3327 468 3394 nobis
483 3328 707 3413 suplioarunt,
732 3334 768 3393 ut
791 3334 911 3392 terram
938 3345 1119 3412 agasonum
1136 3335 1319 3397 nostrorum

193 3438 291 3504 sitam
306 3436 401 3502 iuxta
415 3433 546 3503 durium
563 3437 626 3504 Sar
650 3435 830 3521 modicam,
856 3439 912 3502 vix
937 3435 982 3501 ad
1005 3433 1179 3518 sexaginta
1204 3436 1320 3520 iugera

192 3545 416 3628 sufficientem,
429 3564 500 3610 eum
511 3551 598 3612 terra
609 3545 759 3614 Ecclesia
770 3544 882 3612 Sancti
893 3543 1023 3610 Martini
1033 3561 1244 3628 communem,
1261 3545 1321 3611 lic-

196 3655 296 3722 clesie
312 3651 451 3739 pretate,
469 3653 561 3720 cuius
577 3659 771 3740 patronatus
787 3654 876 3720 nullo
892 3651 1001 3720 modio
1018 3651 1062 3720 ad
1078 3671 1139 3718 nos
1156 3655 1320 3741 pertinere

194 3761 409 3846 (immeritor,
434 3761 685 3839 misericorditer
709 3759 930 3830 conferremus
955 3761 987 3827 iu
1012 3768 1203 3848 perpetuum
1219 3763 1321 3848 possi-

196 3871 346 3940 dendum.
371 3871 514 3951 Quorum
538 3871 757 3958 peticionibus
782 3871 876 3938 iustis
901 3878 934 3938 st
958 3869 1125 3952 honestis,
1143 3868 1248 3937 Deum
1264 3887 1323 3957 pre

193 3982 296 4050 oculis
321 3979 501 4064 habentes,
528 3979 689 4066 cupiendo
713 3999 794 4067 opus
820 3977 969 4047 caritatis
996 3987 1029 4045 et
1049 3979 1272 4046 misericordie
1289 3980 1323 4043 in

194 4091 340 4178 presenti
364 4089 545 4166 seminare,
573 4096 609 4155 ut
632 4093 780 4173 tempore
801 4089 921 4155 messis
938 4096 1059 4156 metere
1075 4088 1241 4174 possimus
1258 4085 1323 4154 tru-

195 4208 284 4270 utun
297 4200 482 4286 graciosum
507 4199 546 4264 in¹
566 4197 693 4282 tuturo,
721 4197 826 4281 Regia
849 4195 1052 4282 benignitate
1071 4194 1324 4263 misericorditer

200 4309 325 4378 inducti
350 4297 383 4376 et
406 4307 564 4375 admoniti
588 4307 830 4391 aequissimus,
852 4311 884 4372 et
900 4313 1022 4372 terram
1040 4309 1324 4390 prememoratam,

197 4419 275 4486 lieet
289 4417 422 4485 modica
437 4413 489 4500 sit,
506 4435 578 4482 oum
586 4423 731 4501 aqua-et
747 4415 856 4482 teneto
873 4422 905 4481 et
923 4433 989 4480 una
1005 4415 1174 4482 mansione
1195 4413 1326 4482 nomine

194 4528 289 4596 Petro
300 4575 309 4609 ,
335 4524 562 4593 cohabitatore
578 4533 664 4592 terro
681 4523 850 4610 ejusdcm,
878 4541 919 4588 ne
943 4523 1117 4590 occasione
1133 4521 1327 4589 donacionis

193 4644 303 4710 matre
326 4634 446 4717 aliquis
472 4633 635 4700 Beronum
659 4637 844 4700 nostrorum
867 4649 905 4698 sc
931 4629 1168 4716 interponendo
1197 4630 1325 4715 populis

256 4757 358 4800 noscit.
374 4759 454 4798 rrnrc,
471 4759 533 4796 cusu.
544 4775 570 4784 -
582 4757 648 4796 ciri.
663 4757 683 4796 o.
1121 4737 1165 4806 20
