3222 5054
696 927 774 992 llr.

166 1109 225 1174 IX.
243 1107 377 1196 Gerpelp
394 1109 488 1195 pdpu
512 1128 533 1170 u
551 1104 780 1190 pannoubulmi
804 1089 1038 1172 azaer-reulum
1068 1107 1202 1192 aputedp
1218 1105 1249 1170 es
1267 1129 1289 1170 a
1343 1069 1346 1080 y

165 1212 433 1300 nekesfeberudrr'
462 1211 618 1301 kdptulac
642 1212 711 1277 luat
736 1235 758 1277 c
780 1214 1023 1301 sornopymeppee'
1052 1211 1174 1278 medela
1197 1230 1289 1301 percu

505 1322 640 1409 uppusun
653 1322 840 1389 iutezlcedilc.
857 1321 954 1388 1227.

276 1573 454 1662 Gregorius
470 1573 651 1659 Episcopus
669 1593 784 1641 seruus
802 1591 967 1642 seruorum
986 1573 1070 1656 Dei,
1097 1571 1299 1662 venerabili-¹

171 1685 230 1750 bus
247 1681 403 1750 iratribus
420 1731 428 1750 .
447 1731 454 1747 .
471 1732 478 1746 .
496 1681 662 1772 Wacieusi
679 1688 710 1748 et
727 1731 734 1746 .
752 1730 760 1747 .
778 1677 960 1749 (Nitriensi
976 1681 1174 1768 Episcopis,
1201 1687 1233 1746 et
1251 1679 1286 1746 di

169 1793 253 1860 lecto
269 1792 337 1860 lilio
352 1837 362 1856 .
380 1837 389 1856 .
406 1841 414 1856 .
438 1791 561 1859 Abbati
576 1791 784 1860 waradiensi
799 1789 1160 1875 Quinqueecclesicnsis
1175 1789 1290 1856 Dioce»

171 1901 238 1982 sis,
254 1901 415 1982 sulutem,
443 1908 476 1966 et
500 1899 722 1984 Apostolicam
739 1899 1007 1969 benedictionem.
1022 1897 1143 1965 Dilecti
1157 1895 1238 1964 filii.
1257 1945 1265 1962 .
1282 1944 1291 1962 .

169 2007 283 2076 Abbus
308 2015 341 2074 et
366 2007 551 2076 Ocnuentus
577 2008 690 2075 Sancti
715 2008 846 2075 Martini
871 2010 913 2076 de
933 2007 1102 2076 Pannonia
1119 2026 1180 2074 sua
1195 2004 1290 2073 nobis
1348 2035 1351 2042 ·

171 2117 390 2184 insinuatione
406 2113 645 2202 monstrarunt,
663 2116 748 2200 quod
764 2137 836 2185 cum
852 2100 1005 2203 causam,
1023 2135 1086 2201 qne
1101 2115 1184 2182 inter
1200 2115 1292 2198 ipsos

173 2243 213 2289 ex
229 2231 325 2310 parte
341 2243 415 2302 una,
433 2231 466 2290 et
482 2275 490 2290 .
508 2274 515 2289 .
533 2275 540 2291 .
567 2225 774 2311 Propositum
790 2233 822 2294 et
838 2226 1019 2294 canonicos
1036 2224 1198 2290 Albenses
1213 2219 1291 2288 Dio·

173 2332 523 2420 cesisVesprimiensis
540 2353 581 2400 ex
597 2334 703 2402 ultera
718 2353 815 2421 snper
834 2333 1027 2425 quibusdam
1042 2332 1180 2400 decimis
1196 2337 1229 2396 et
1242 2348 1292 2396 re-

172 2441 233 2509 bus
250 2440 326 2508 aliis
342 2441 487 2536 uertitur,
504 2441 588 2509 bone
605 2443 758 2510 memorie
772 2438 963 2530 H(onorius)
974 2443 1065 2528 Papa
1080 2441 1293 2528 predecessor

173 2553 284 2617 noster
301 2549 379 2616 olim
394 2549 487 2618 uobis
504 2549 634 2617 duxerit
649 2549 930 2635 committendam,
946 2556 980 2616 et
994 2567 1184 2634 processum
1199 2546 1296 2616 luerit

131 2639 133 2648 ⁴
174 2657 209 2723 in
224 2655 356 2742 negotio
373 2676 480 2724 coram
497 2656 601 2746 uobis,
626 2657 760 2725 tandem
775 2656 817 2724 de
833 2675 972 2726 assensu
988 2663 1097 2724 uestro
1112 2657 1145 2722 in
1160 2675 1295 2723 venera·

175 2767 274 2834 bilem
299 2766 434 2834 fratrem
458 2775 602 2838 nostrum
620 2817 627 2834 .
645 2817 653 2833 .
671 2815 705 2834 ..
730 2767 1015 2854 Arohiepiscopnm
1040 2766 1297 2850 strigoniensem

177 2881 252 2942 tunc
268 2875 541 2962 vesprimiensem
566 2877 764 2964 Episcopum
790 2886 823 2947 et
848 2878 919 2944 eius
943 2876 1090 2959 collegas
1107 2875 1156 2944 sic
1172 2873 1297 2942 exstitit

177 2985 236 3053 sub
252 2991 345 3052 certa
360 3005 447 3071 pena
463 2987 650 3073 apartibus
666 2987 941 3073 compromissum,
957 2993 991 3054 ut
1007 2971 1210 3057 sialterutra
1224 2999 1297 3071 pur·

177 3093 255 3160 tium
271 3093 374 3160 nollet
389 3093 557 3166 arbitrium
573 3093 767 3180 observare,
794 3097 871 3182 ipsu·
894 3095 1040 3165 soluentc
1055 3111 1174 3181 penam
1189 3111 1300 3179 proce·

178 3201 308 3268 deretur
322 3201 356 3267 in
371 3200 476 3288 figura
491 3203 601 3272 iudicii
611 3224 709 3292 super
720 3205 852 3290 negotio
863 3203 1054 3290 principali;
1072 3208 1104 3268 et
1114 3201 1190 3268 licet
1200 3201 1300 3267 iidem
1417 3191 1422 3202 ’

178 3309 293 3376 arbitri
309 3307 354 3375 ad
369 3311 590 3382 arbitrandum
606 3311 826 3399 processerint
835 3364 843 3398 ,
872 3318 904 3378 et
929 3310 1061 3378 arbitrio
1077 3311 1219 3395 ipsorum
1235 3329 1299 3377 non

179 3417 277 3484 fuerit
292 3401 485 3504 perannum
503 3423 692 3510 etamplius
709 3411 954 3503 contradictum,
970 3417 1050 3485 illud
1065 3424 1175 3484 tamen
1191 3417 1299 3483 obser·

179 3545 258 3592 nare
273 3545 352 3613 pars
368 3529 509 3598 aduersu
524 3539 664 3600 recusat.
679 3531 788 3611 Quare
805 3528 1008 3616 postularunt
1022 3545 1043 3594 a
1058 3525 1163 3612 nobis,
1179 3531 1215 3591 nt
1229 3526 1298 3593 iux·

180 3637 216 3700 ta
231 3633 368 3700 sormam
383 3639 630 3725 compromissi,
656 3641 686 3708 si
710 3638 846 3725 predicti
871 3637 1062 3724 Prepositus
1088 3641 1121 3703 et
1145 3635 1301 3703 Canonici

180 3741 311 3812 soluere
325 3762 463 3830 penam,
488 3763 584 3830 qnam
601 3747 734 3814 arbitrio
750 3764 867 3834 parere
882 3745 1069 3830 maluerint,
1096 3742 1227 3831 procedi
1244 3762 1303 3828 per

180 3868 241 3918 nos
266 3849 301 3916 iu
324 3852 457 3950 nogotio
482 3853 721 3930 mundaremus.
743 3853 902 3935 Quocirca
918 3853 1107 3922 discretioni
1122 3859 1230 3922 nestro
1245 3870 1304 3938 per

182 3955 375 4044 Apostolica
390 3962 516 4048 scripta
530 3963 744 4050 mandamus,
760 3965 910 4049 quatinus
929 3964 1033 4031 dictos
1049 3963 1253 4050 Propositum
1271 3965 1305 4028 et

183 4067 366 4136 Canonicos
391 4069 434 4136 ad
458 4072 719 4142 obseruationem
745 4074 874 4140 arbitrii
897 4093 955 4160 por
979 4091 1097 4160 penam
1112 4072 1145 4137 in
1161 4063 1303 4155 compro-

183 4176 285 4245 misso
301 4195 504 4264 expressum,
520 4181 606 4250 sicut
622 4189 674 4249 est
690 4200 817 4266 equum,
830 4181 1050 4269 appellatione
1065 4185 1191 4245 remota
1207 4197 1303 4263 cogn

184 4285 236 4350 tis.
263 4283 358 4363 Quod
373 4285 403 4352 si
418 4289 592 4356 maluerint
607 4309 727 4376 penem
742 4291 948 4379 persoluere,
968 4309 1063 4372 quam
1080 4287 1215 4354 urbitrio
1231 4306 1304 4371 pro·

185 4393 251 4458 lato
267 4411 397 4481 parere,
413 4394 447 4463 in
464 4417 567 4466 causa
582 4400 657 4486 ipsa
674 4399 765 4468 iuxta
775 4402 917 4486 priorum
934 4398 1165 4476 continentiam
1181 4397 1304 4463 littera·
1407 4419 1418 4476 ¹.

186 4519 255 4568 rum
271 4510 406 4570 seruato
422 4506 523 4591 priori
537 4527 694 4594 processu
710 4509 820 4576 iudicii
845 4507 970 4575 ratione
985 4507 1100 4592 preuiu
1114 4510 1236 4571 remoto
1253 4521 1305 4568 cu-

186 4609 318 4678 iuslibet
342 4615 610 4685 contrudictionis
637 4625 671 4686 et
694 4617 923 4705 appellationis
949 4615 1117 4683 obsmeulo
1133 4611 1306 4698 proceden-

186 4723 249 4805 tes,
268 4717 356 4789 inr'rlu
371 4741 491 4793 annum
506 4725 551 4794 ad
566 4747 627 4800 nos
643 4729 818 4798 remittatis
835 4745 967 4796 causam
982 4725 1177 4795 sufficienter
1192 4725 1306 4794 instra

1090 4829 1150 4902 16*
