<?xml version="1.0" encoding="UTF-8"?>
<!DOCTYPE html PUBLIC "-//W3C//DTD XHTML 1.0 Transitional//EN"
    "http://www.w3.org/TR/xhtml1/DTD/xhtml1-transitional.dtd">
<html xmlns="http://www.w3.org/1999/xhtml" xml:lang="en" lang="en">
 <head>
  <title>
</title>
<meta http-equiv="Content-Type" content="text/html;charset=utf-8" />
  <meta name='ocr-system' content='tesseract 3.04.00' />
  <meta name='ocr-capabilities' content='ocr_page ocr_carea ocr_par ocr_line ocrx_word'/>
</head>
<body>
  <div class='ocr_page' id='page_1' title='image "./codexdiplomatic20wenzgoog_0060.png"; bbox 0 0 3234 5072; ppageno 0'>
   <div class='ocr_carea' id='block_1_1' title="bbox 746 290 764 354">
    <p class='ocr_par' dir='ltr' id='par_1_1' title="bbox 746 290 764 354">
     <span class='ocr_line' id='line_1_1' title="bbox 746 290 764 354; baseline 0 0"><span class='ocrx_word' id='word_1_1' title='bbox 746 290 764 354; x_wconf 77' lang='lat' dir='ltr'><strong>i</strong></span> 
     </span>
    </p>
   </div>
   <div class='ocr_carea' id='block_1_2' title="bbox 649 379 836 391">
    <p class='ocr_par' dir='ltr' id='par_1_2' title="bbox 649 379 836 391">
     <span class='ocr_line' id='line_1_2' title="bbox 649 379 836 391; baseline -0.016 0"><span class='ocrx_word' id='word_1_2' title='bbox 649 383 653 391; x_wconf 82' lang='grc' dir='ltr'>ι</span> <span class='ocrx_word' id='word_1_3' title='bbox 681 379 836 391; x_wconf 54' lang='lat' dir='ltr'>..-m—n·-</span> 
     </span>
    </p>
   </div>
   <div class='ocr_carea' id='block_1_3' title="bbox 189 471 1312 1212">
    <p class='ocr_par' dir='ltr' id='par_1_3' title="bbox 193 471 1312 892">
     <span class='ocr_line' id='line_1_3' title="bbox 195 471 1312 572; baseline 0.001 -18"><span class='ocrx_word' id='word_1_4' title='bbox 195 482 255 554; x_wconf 78' lang='lat' dir='ltr'><strong>aad</strong></span> <span class='ocrx_word' id='word_1_5' title='bbox 269 491 425 570; x_wconf 83' lang='lat' dir='ltr'><strong>parentes</strong></span> <span class='ocrx_word' id='word_1_6' title='bbox 441 471 798 572; x_wconf 53' lang='lat' dir='ltr'><strong>lavautncciigcutiam</strong></span> <span class='ocrx_word' id='word_1_7' title='bbox 809 483 947 566; x_wconf 89' lang='lat' dir='ltr'><strong>ieiuniis,</strong></span> <span class='ocrx_word' id='word_1_8' title='bbox 958 483 1134 552; x_wconf 88' lang='lat' dir='ltr'><strong>secundnm</strong></span> <span class='ocrx_word' id='word_1_9' title='bbox 1144 487 1312 555; x_wconf 75' lang='lat' dir='ltr'>arbitrium</span> 
     </span>
     <span class='ocr_line' id='line_1_4' title="bbox 193 589 1310 679; baseline 0.006 -21"><span class='ocrx_word' id='word_1_10' title='bbox 193 593 468 679; x_wconf 81' lang='lat' dir='ltr'><strong>presbyterorum.</strong></span> <span class='ocrx_word' id='word_1_11' title='bbox 491 591 554 670; x_wconf 83' lang='lat' dir='ltr'><strong>Qui</strong></span> <span class='ocrx_word' id='word_1_12' title='bbox 570 610 647 658; x_wconf 78' lang='lat' dir='ltr'><strong>uero</strong></span> <span class='ocrx_word' id='word_1_13' title='bbox 664 591 837 660; x_wconf 88' lang='lat' dir='ltr'><strong>subitanea</strong></span> <span class='ocrx_word' id='word_1_14' title='bbox 864 589 1089 676; x_wconf 77' lang='lat' dir='ltr'><strong>periclitantur</strong></span> <span class='ocrx_word' id='word_1_15' title='bbox 1109 601 1223 677; x_wconf 88' lang='lat' dir='ltr'><strong>morte,</strong></span> <span class='ocrx_word' id='word_1_16' title='bbox 1239 613 1310 665; x_wconf 84' lang='lat' dir='ltr'><strong>cum</strong></span> 
     </span>
     <span class='ocr_line' id='line_1_5' title="bbox 194 697 1310 786; baseline 0.003 -19"><span class='ocrx_word' id='word_1_17' title='bbox 194 699 283 767; x_wconf 84' lang='lat' dir='ltr'><strong>cinni</strong></span> <span class='ocrx_word' id='word_1_18' title='bbox 308 698 536 768; x_wconf 82' lang='lat' dir='ltr'><strong>eeclesiastico</strong></span> <span class='ocrx_word' id='word_1_19' title='bbox 561 699 763 786; x_wconf 76' lang='lat' dir='ltr'><strong>sepeliantur</strong></span> <span class='ocrx_word' id='word_1_20' title='bbox 786 697 918 765; x_wconf 84' lang='lat' dir='ltr'><strong>honore.</strong></span> <span class='ocrx_word' id='word_1_21' title='bbox 946 698 1032 768; x_wconf 82' lang='lat' dir='ltr'><strong>Nem</strong></span> <span class='ocrx_word' id='word_1_22' title='bbox 1055 699 1174 768; x_wconf 85' lang='lat' dir='ltr'><strong>Divina</strong></span> <span class='ocrx_word' id='word_1_23' title='bbox 1190 700 1310 770; x_wconf 81' lang='lat' dir='ltr'><strong>iudIcia</strong></span> 
     </span>
     <span class='ocr_line' id='line_1_6' title="bbox 194 807 764 892; baseline -0.005 -17"><span class='ocrx_word' id='word_1_24' title='bbox 194 809 322 875; x_wconf 86' lang='lat' dir='ltr'><strong>occulta</strong></span> <span class='ocrx_word' id='word_1_25' title='bbox 338 807 433 874; x_wconf 85' lang='lat' dir='ltr'><strong>robis</strong></span> <span class='ocrx_word' id='word_1_26' title='bbox 450 812 532 874; x_wconf 88' lang='lat' dir='ltr'><strong>suut</strong></span> <span class='ocrx_word' id='word_1_27' title='bbox 541 813 574 873; x_wconf 89' lang='lat' dir='ltr'><strong>et</strong></span> <span class='ocrx_word' id='word_1_28' title='bbox 588 807 764 892; x_wconf 79' lang='lat' dir='ltr'><strong>incognita.</strong></span> 
     </span>
    </p>

    <p class='ocr_par' dir='ltr' id='par_1_4' title="bbox 189 912 1309 1212">
     <span class='ocr_line' id='line_1_7' title="bbox 298 912 1309 988; baseline 0.006 -8"><span class='ocrx_word' id='word_1_29' title='bbox 298 913 393 980; x_wconf 90' lang='lat' dir='ltr'><strong>XIII.</strong></span> <span class='ocrx_word' id='word_1_30' title='bbox 431 915 490 980; x_wconf 91' lang='lat' dir='ltr'><strong>De</strong></span> <span class='ocrx_word' id='word_1_31' title='bbox 528 913 820 981; x_wconf 86' lang='lat' dir='ltr'><strong>observanda</strong></span> <span class='ocrx_word' id='word_1_32' title='bbox 857 912 1236 985; x_wconf 72' lang='lat' dir='ltr'><strong>Christianitatis.</strong></span> <span class='ocrx_word' id='word_1_33' title='bbox 1269 919 1309 988; x_wconf 85' lang='lat' dir='ltr'><strong>SI</strong></span> 
     </span>
     <span class='ocr_line' id='line_1_8' title="bbox 191 1019 1307 1109; baseline 0.004 -19"><span class='ocrx_word' id='word_1_34' title='bbox 191 1020 293 1099; x_wconf 79' lang='lat' dir='ltr'><strong>QVIS</strong></span> <span class='ocrx_word' id='word_1_35' title='bbox 306 1021 533 1088; x_wconf 88' lang='lat' dir='ltr'><strong>obseruatione</strong></span> <span class='ocrx_word' id='word_1_36' title='bbox 543 1019 798 1088; x_wconf 80' lang='lat' dir='ltr'><strong>Christianitatis</strong></span> <span class='ocrx_word' id='word_1_37' title='bbox 814 1020 966 1102; x_wconf 82' lang='lat' dir='ltr'><strong>neglecta</strong></span> <span class='ocrx_word' id='word_1_38' title='bbox 982 1029 1015 1086; x_wconf 88' lang='lat' dir='ltr'><strong>et</strong></span> <span class='ocrx_word' id='word_1_39' title='bbox 1030 1025 1229 1109; x_wconf 78' lang='lat' dir='ltr'><strong>negligentie</strong></span> <span class='ocrx_word' id='word_1_40' title='bbox 1244 1034 1307 1097; x_wconf 84' lang='lat' dir='ltr'><strong>ato·</strong></span> 
     </span>
     <span class='ocr_line' id='line_1_9' title="bbox 189 1127 1307 1212; baseline 0.005 -18"><span class='ocrx_word' id='word_1_41' title='bbox 189 1128 318 1196; x_wconf 86' lang='lat' dir='ltr'><strong>liditatc</strong></span> <span class='ocrx_word' id='word_1_42' title='bbox 335 1129 440 1197; x_wconf 85' lang='lat' dir='ltr'><strong>elatus</strong></span> <span class='ocrx_word' id='word_1_43' title='bbox 456 1128 589 1210; x_wconf 86' lang='lat' dir='ltr'><strong>quadiu</strong></span> <span class='ocrx_word' id='word_1_44' title='bbox 605 1147 678 1199; x_wconf 88' lang='lat' dir='ltr'><strong>eam</strong></span> <span class='ocrx_word' id='word_1_45' title='bbox 693 1127 894 1212; x_wconf 88' lang='lat' dir='ltr'><strong>commiserit,</strong></span> <span class='ocrx_word' id='word_1_46' title='bbox 907 1128 998 1198; x_wconf 80' lang='lat' dir='ltr'><strong>quta</strong></span> <span class='ocrx_word' id='word_1_47' title='bbox 1008 1131 1198 1212; x_wconf 75' lang='lat' dir='ltr'>qualitatem</span> <span class='ocrx_word' id='word_1_48' title='bbox 1209 1131 1307 1200; x_wconf 81' lang='lat' dir='ltr'><strong>offen·</strong></span> 
     </span>
    </p>
   </div>
   <div class='ocr_carea' id='block_1_4' title="bbox 189 1234 1482 1332">
    <p class='ocr_par' dir='ltr' id='par_1_5' title="bbox 189 1234 1482 1332">
     <span class='ocr_line' id='line_1_10' title="bbox 189 1234 1482 1332; baseline 0.005 -29"><span class='ocrx_word' id='word_1_49' title='bbox 189 1236 292 1303; x_wconf 74' lang='lat' dir='ltr'><strong>alcuin</strong></span> <span class='ocrx_word' id='word_1_50' title='bbox 307 1235 351 1304; x_wconf 87' lang='lat' dir='ltr'><strong>ah</strong></span> <span class='ocrx_word' id='word_1_51' title='bbox 361 1235 530 1324; x_wconf 78' lang='lat' dir='ltr'><strong>Episcopo</strong></span> <span class='ocrx_word' id='word_1_52' title='bbox 540 1255 599 1322; x_wconf 83' lang='lat' dir='ltr'><strong>per</strong></span> <span class='ocrx_word' id='word_1_53' title='bbox 614 1234 804 1321; x_wconf 86' lang='lat' dir='ltr'><strong>disciplinas</strong></span> <span class='ocrx_word' id='word_1_54' title='bbox 820 1253 979 1302; x_wconf 84' lang='lat' dir='ltr'><strong>canonum</strong></span> <span class='ocrx_word' id='word_1_55' title='bbox 996 1235 1167 1324; x_wconf 70' lang='lat' dir='ltr'><strong>iudicetur.¹</strong></span> <span class='ocrx_word' id='word_1_56' title='bbox 1178 1240 1213 1308; x_wconf 89' lang='lat' dir='ltr'><strong>Si</strong></span> <span class='ocrx_word' id='word_1_57' title='bbox 1228 1259 1306 1307; x_wconf 88' lang='lat' dir='ltr'><strong>uero</strong></span> <span class='ocrx_word' id='word_1_58' title='bbox 1366 1329 1368 1332; x_wconf 15' lang='grc' dir='ltr'>Ι</span> <span class='ocrx_word' id='word_1_59' title='bbox 1479 1296 1482 1309; x_wconf 82' lang='lat'><em>.</em></span> 
     </span>
    </p>
   </div>
   <div class='ocr_carea' id='block_1_5' title="bbox 149 1341 1332 4244">
    <p class='ocr_par' dir='ltr' id='par_1_6' title="bbox 185 1341 1306 1750">
     <span class='ocr_line' id='line_1_11' title="bbox 187 1341 1306 1434; baseline 0.005 -26"><span class='ocrx_word' id='word_1_60' title='bbox 187 1343 374 1410; x_wconf 73' lang='lat' dir='ltr'><strong>rebellitate</strong></span> <span class='ocrx_word' id='word_1_61' title='bbox 390 1342 568 1411; x_wconf 85' lang='lat' dir='ltr'><strong>instructus</strong></span> <span class='ocrx_word' id='word_1_62' title='bbox 584 1343 727 1411; x_wconf 80' lang='lat' dir='ltr'><strong>renuerit</strong></span> <span class='ocrx_word' id='word_1_63' title='bbox 750 1341 824 1408; x_wconf 84' lang='lat' dir='ltr'><strong>sibi·</strong></span> <span class='ocrx_word' id='word_1_64' title='bbox 839 1341 1026 1428; x_wconf 85' lang='lat' dir='ltr'><strong>impositum</strong></span> <span class='ocrx_word' id='word_1_65' title='bbox 1052 1363 1133 1428; x_wconf 88' lang='lat' dir='ltr'><strong>eque</strong></span> <span class='ocrx_word' id='word_1_66' title='bbox 1159 1347 1306 1434; x_wconf 82' lang='lat' dir='ltr'><strong>sufferre,</strong></span> 
     </span>
     <span class='ocr_line' id='line_1_12' title="bbox 187 1435 1304 1542; baseline 0.007 -26"><span class='ocrx_word' id='word_1_67' title='bbox 187 1445 304 1518; x_wconf 85' lang='lat' dir='ltr'><strong>iterum</strong></span> <span class='ocrx_word' id='word_1_68' title='bbox 327 1435 586 1518; x_wconf 75' lang='lat' dir='ltr'><strong>eouem‘iudicic</strong></span> <span class='ocrx_word' id='word_1_69' title='bbox 612 1447 837 1534; x_wconf 78' lang='lat' dir='ltr'><strong>restringatur,</strong></span> <span class='ocrx_word' id='word_1_70' title='bbox 864 1459 897 1517; x_wconf 90' lang='lat' dir='ltr'><strong>et</strong></span> <span class='ocrx_word' id='word_1_71' title='bbox 921 1451 1019 1520; x_wconf 87' lang='lat' dir='ltr'><strong>etiam</strong></span> <span class='ocrx_word' id='word_1_72' title='bbox 1044 1470 1146 1536; x_wconf 90' lang='lat' dir='ltr'><strong>usque</strong></span> <span class='ocrx_word' id='word_1_73' title='bbox 1171 1456 1304 1542; x_wconf 81' lang='lat' dir='ltr'><strong>septies.</strong></span> 
     </span>
     <span class='ocr_line' id='line_1_13' title="bbox 186 1553 1304 1650; baseline 0.008 -27"><span class='ocrx_word' id='word_1_74' title='bbox 186 1556 335 1626; x_wconf 75' lang='lat' dir='ltr'><strong>Tandem</strong></span> <span class='ocrx_word' id='word_1_75' title='bbox 346 1574 445 1640; x_wconf 83' lang='lat' dir='ltr'><strong>super</strong></span> <span class='ocrx_word' id='word_1_76' title='bbox 460 1557 567 1623; x_wconf 89' lang='lat' dir='ltr'><strong>omnia</strong></span> <span class='ocrx_word' id='word_1_77' title='bbox 583 1554 612 1623; x_wconf 90' lang='lat' dir='ltr'><strong>si</strong></span> <span class='ocrx_word' id='word_1_78' title='bbox 628 1555 783 1623; x_wconf 87' lang='lat' dir='ltr'><strong>resistens</strong></span> <span class='ocrx_word' id='word_1_79' title='bbox 799 1563 831 1622; x_wconf 90' lang='lat' dir='ltr'><strong>et</strong></span> <span class='ocrx_word' id='word_1_80' title='bbox 846 1553 992 1624; x_wconf 86' lang='lat' dir='ltr'><strong>abnuens</strong></span> <span class='ocrx_word' id='word_1_81' title='bbox 1003 1558 1175 1646; x_wconf 83' lang='lat' dir='ltr'><strong>inuenitur,</strong></span> <span class='ocrx_word' id='word_1_82' title='bbox 1186 1561 1304 1650; x_wconf 77' lang='lat' dir='ltr'><strong>Regali</strong></span> 
     </span>
     <span class='ocr_line' id='line_1_14' title="bbox 185 1661 1106 1750; baseline 0 -17"><span class='ocrx_word' id='word_1_83' title='bbox 185 1664 314 1748; x_wconf 85' lang='lat' dir='ltr'><strong>iudIcio,</strong></span> <span class='ocrx_word' id='word_1_84' title='bbox 346 1664 471 1737; x_wconf 83' lang='lat' dir='ltr'><strong>scilieet</strong></span> <span class='ocrx_word' id='word_1_85' title='bbox 486 1662 650 1732; x_wconf 84' lang='lat' dir='ltr'><strong>defensori</strong></span> <span class='ocrx_word' id='word_1_86' title='bbox 667 1661 933 1750; x_wconf 75' lang='lat' dir='ltr'><strong>Christianitatis,</strong></span> <span class='ocrx_word' id='word_1_87' title='bbox 950 1667 1106 1740; x_wconf 89' lang='lat' dir='ltr'><strong>tradatur.</strong></span> 
     </span>
    </p>

    <p class='ocr_par' dir='ltr' id='par_1_7' title="bbox 179 1770 1299 2493">
     <span class='ocr_line' id='line_1_15' title="bbox 290 1770 1299 1852; baseline 0.003 -11"><span class='ocrx_word' id='word_1_88' title='bbox 290 1773 379 1842; x_wconf 90' lang='lat' dir='ltr'><strong>XIV.</strong></span> <span class='ocrx_word' id='word_1_89' title='bbox 402 1773 461 1840; x_wconf 93' lang='lat' dir='ltr'><strong>De</strong></span> <span class='ocrx_word' id='word_1_90' title='bbox 486 1770 740 1840; x_wconf 88' lang='lat' dir='ltr'><strong>homicidis.</strong></span> <span class='ocrx_word' id='word_1_91' title='bbox 766 1772 806 1839; x_wconf 84' lang='lat' dir='ltr'><strong>sl</strong></span> <span class='ocrx_word' id='word_1_92' title='bbox 821 1773 919 1852; x_wconf 82' lang='lat' dir='ltr'><strong>QVIS</strong></span> <span class='ocrx_word' id='word_1_93' title='bbox 936 1773 986 1842; x_wconf 86' lang='lat' dir='ltr'><strong>ira</strong></span> <span class='ocrx_word' id='word_1_94' title='bbox 1000 1795 1158 1845; x_wconf 87' lang='lat' dir='ltr'><strong>accensus</strong></span> <span class='ocrx_word' id='word_1_95' title='bbox 1174 1785 1231 1844; x_wconf 89' lang='lat' dir='ltr'><strong>ant</strong></span> <span class='ocrx_word' id='word_1_96' title='bbox 1246 1798 1299 1848; x_wconf 89' lang='lat' dir='ltr'><strong>sn·</strong></span> 
     </span>
     <span class='ocr_line' id='line_1_16' title="bbox 183 1879 1299 1968; baseline 0.007 -22"><span class='ocrx_word' id='word_1_97' title='bbox 183 1879 296 1968; x_wconf 76' lang='lat' dir='ltr'><strong>perbis</strong></span> <span class='ocrx_word' id='word_1_98' title='bbox 320 1881 427 1954; x_wconf 85' lang='lat' dir='ltr'><strong>elatus</strong></span> <span class='ocrx_word' id='word_1_99' title='bbox 452 1885 666 1966; x_wconf 88' lang='lat' dir='ltr'><strong>spontaneum</strong></span> <span class='ocrx_word' id='word_1_100' title='bbox 692 1879 884 1946; x_wconf 87' lang='lat' dir='ltr'><strong>commiserit</strong></span> <span class='ocrx_word' id='word_1_101' title='bbox 911 1880 1131 1966; x_wconf 86' lang='lat' dir='ltr'><strong>homicidium,</strong></span> <span class='ocrx_word' id='word_1_102' title='bbox 1154 1885 1238 1952; x_wconf 89' lang='lat' dir='ltr'><strong>sciat</strong></span> <span class='ocrx_word' id='word_1_103' title='bbox 1262 1905 1299 1954; x_wconf 87' lang='lat' dir='ltr'><strong>se</strong></span> 
     </span>
     <span class='ocr_line' id='line_1_17' title="bbox 184 1985 1299 2070; baseline 0.002 -16"><span class='ocrx_word' id='word_1_104' title='bbox 184 1988 365 2056; x_wconf 88' lang='lat' dir='ltr'><strong>secundum</strong></span> <span class='ocrx_word' id='word_1_105' title='bbox 391 1987 494 2054; x_wconf 90' lang='lat' dir='ltr'><strong>nostri</strong></span> <span class='ocrx_word' id='word_1_106' title='bbox 526 1987 667 2055; x_wconf 85' lang='lat' dir='ltr'><strong>Senatus</strong></span> <span class='ocrx_word' id='word_1_107' title='bbox 693 1985 859 2054; x_wconf 89' lang='lat' dir='ltr'><strong>decretum</strong></span> <span class='ocrx_word' id='word_1_108' title='bbox 884 1995 1010 2056; x_wconf 89' lang='lat' dir='ltr'><strong>centnm</strong></span> <span class='ocrx_word' id='word_1_109' title='bbox 1037 1997 1070 2056; x_wconf 90' lang='lat' dir='ltr'><strong>et</strong></span> <span class='ocrx_word' id='word_1_110' title='bbox 1092 1991 1125 2058; x_wconf 87' lang='lat' dir='ltr'>X</span> <span class='ocrx_word' id='word_1_111' title='bbox 1149 1991 1299 2070; x_wconf 82' lang='lat' dir='ltr'><strong>daturum</strong></span> 
     </span>
     <span class='ocr_line' id='line_1_18' title="bbox 182 2094 1297 2183; baseline 0.002 -21"><span class='ocrx_word' id='word_1_112' title='bbox 182 2114 304 2182; x_wconf 85' lang='lat' dir='ltr'><strong>pensas</strong></span> <span class='ocrx_word' id='word_1_113' title='bbox 319 2095 401 2178; x_wconf 87' lang='lat' dir='ltr'><strong>auri,</strong></span> <span class='ocrx_word' id='word_1_114' title='bbox 418 2115 458 2162; x_wconf 84' lang='lat' dir='ltr'><strong>ex</strong></span> <span class='ocrx_word' id='word_1_115' title='bbox 475 2095 591 2179; x_wconf 86' lang='lat' dir='ltr'><strong>quibus</strong></span> <span class='ocrx_word' id='word_1_116' title='bbox 606 2095 843 2178; x_wconf 79' lang='lat' dir='ltr'><strong>quinquaginta</strong></span> <span class='ocrx_word' id='word_1_117' title='bbox 859 2095 902 2162; x_wconf 90' lang='lat' dir='ltr'><strong>ad</strong></span> <span class='ocrx_word' id='word_1_118' title='bbox 917 2094 1030 2168; x_wconf 84' lang='lat' dir='ltr'><strong>fiscum</strong></span> <span class='ocrx_word' id='word_1_119' title='bbox 1040 2098 1140 2183; x_wconf 82' lang='lat' dir='ltr'><strong>Regis</strong></span> <span class='ocrx_word' id='word_1_120' title='bbox 1149 2096 1297 2166; x_wconf 86' lang='lat' dir='ltr'><strong>deseran-</strong></span> 
     </span>
     <span class='ocr_line' id='line_1_19' title="bbox 181 2201 1297 2290; baseline 0.006 -22"><span class='ocrx_word' id='word_1_121' title='bbox 181 2213 243 2288; x_wconf 89' lang='lat' dir='ltr'><strong>tur,</strong></span> <span class='ocrx_word' id='word_1_122' title='bbox 260 2203 348 2272; x_wconf 86' lang='lat' dir='ltr'><strong>aliae</strong></span> <span class='ocrx_word' id='word_1_123' title='bbox 364 2223 442 2274; x_wconf 84' lang='lat' dir='ltr'><strong>vero</strong></span> <span class='ocrx_word' id='word_1_124' title='bbox 467 2202 494 2270; x_wconf 85' lang='lat' dir='ltr'>L</span> <span class='ocrx_word' id='word_1_125' title='bbox 523 2203 711 2290; x_wconf 83' lang='lat' dir='ltr'><strong>parantibus</strong></span> <span class='ocrx_word' id='word_1_126' title='bbox 729 2201 851 2288; x_wconf 85' lang='lat' dir='ltr'><strong>dentur,</strong></span> <span class='ocrx_word' id='word_1_127' title='bbox 867 2203 899 2270; x_wconf 86' lang='lat' dir='ltr'>X</span> <span class='ocrx_word' id='word_1_128' title='bbox 915 2209 1021 2271; x_wconf 88' lang='lat' dir='ltr'><strong>antem</strong></span> <span class='ocrx_word' id='word_1_129' title='bbox 1037 2206 1167 2274; x_wconf 88' lang='lat' dir='ltr'><strong>arbitris</strong></span> <span class='ocrx_word' id='word_1_130' title='bbox 1183 2213 1216 2274; x_wconf 88' lang='lat' dir='ltr'><strong>et</strong></span> <span class='ocrx_word' id='word_1_131' title='bbox 1231 2225 1297 2274; x_wconf 82' lang='lat' dir='ltr'><strong>me·</strong></span> 
     </span>
     <span class='ocr_line' id='line_1_20' title="bbox 179 2308 1294 2403; baseline 0.004 -25"><span class='ocrx_word' id='word_1_132' title='bbox 179 2311 360 2380; x_wconf 73' lang='lat' dir='ltr'><strong>diatonum</strong></span> <span class='ocrx_word' id='word_1_133' title='bbox 374 2308 604 2403; x_wconf 83' lang='lat' dir='ltr'><strong>condonentur.</strong></span> <span class='ocrx_word' id='word_1_134' title='bbox 620 2313 697 2398; x_wconf 86' lang='lat' dir='ltr'><strong>Ipse</strong></span> <span class='ocrx_word' id='word_1_135' title='bbox 714 2311 844 2397; x_wconf 86' lang='lat' dir='ltr'><strong>quidem</strong></span> <span class='ocrx_word' id='word_1_136' title='bbox 861 2311 1024 2380; x_wconf 87' lang='lat' dir='ltr'><strong>homicida</strong></span> <span class='ocrx_word' id='word_1_137' title='bbox 1049 2313 1227 2382; x_wconf 86' lang='lat' dir='ltr'><strong>secundum</strong></span> <span class='ocrx_word' id='word_1_138' title='bbox 1247 2314 1294 2388; x_wconf 85' lang='lat' dir='ltr'><strong>in-</strong></span> 
     </span>
     <span class='ocr_line' id='line_1_21' title="bbox 179 2401 824 2498; baseline -0.005 -12"><span class='ocrx_word' id='word_1_139' title='bbox 179 2419 376 2498; x_wconf 88' lang='lat' dir='ltr'><strong>stitutionem</strong></span> <span class='ocrx_word' id='word_1_140' title='bbox 392 2401 699 2493; x_wconf 82' lang='lat' dir='ltr'><strong>canonumiuiuuet.</strong></span> <span class='ocrx_word' id='word_1_141' title='bbox 822 2461 824 2466; x_wconf 91' lang='lat'>-</span> 
     </span>
    </p>

    <p class='ocr_par' dir='ltr' id='par_1_8' title="bbox 162 2515 1292 2844">
     <span class='ocr_line' id='line_1_22' title="bbox 283 2515 1292 2617; baseline 0.001 -23"><span class='ocrx_word' id='word_1_142' title='bbox 283 2528 391 2608; x_wconf 75' lang='lat' dir='ltr'><strong>Item</strong></span> <span class='ocrx_word' id='word_1_143' title='bbox 416 2525 549 2592; x_wconf 91' lang='lat' dir='ltr'><strong>aliud</strong></span> <span class='ocrx_word' id='word_1_144' title='bbox 573 2524 615 2592; x_wconf 89' lang='lat' dir='ltr'><strong>SI</strong></span> <span class='ocrx_word' id='word_1_145' title='bbox 641 2523 738 2605; x_wconf 79' lang='lat' dir='ltr'><strong>QVIS</strong></span> <span class='ocrx_word' id='word_1_146' title='bbox 765 2531 874 2595; x_wconf 89' lang='lat' dir='ltr'><strong>autem</strong></span> <span class='ocrx_word' id='word_1_147' title='bbox 901 2545 979 2594; x_wconf 88' lang='lat' dir='ltr'><strong>casu</strong></span> <span class='ocrx_word' id='word_1_148' title='bbox 1004 2526 1159 2594; x_wconf 89' lang='lat' dir='ltr'><strong>occiderit</strong></span> <span class='ocrx_word' id='word_1_149' title='bbox 1183 2515 1292 2617; x_wconf 84' lang='lat' dir='ltr'><strong>quem·</strong></span> 
     </span>
     <span class='ocr_line' id='line_1_23' title="bbox 179 2632 1294 2761; baseline -0.004 -57"><span class='ocrx_word' id='word_1_150' title='bbox 179 2634 268 2722; x_wconf 87' lang='lat' dir='ltr'><strong>h&#39;het,</strong></span> <span class='ocrx_word' id='word_1_151' title='bbox 282 2635 352 2702; x_wconf 86' lang='lat' dir='ltr'><strong>XII</strong></span> <span class='ocrx_word' id='word_1_152' title='bbox 364 2653 434 2704; x_wconf 88' lang='lat' dir='ltr'><strong>uun</strong></span> <span class='ocrx_word' id='word_1_153' title='bbox 458 2651 579 2761; x_wconf 83' lang='lat' dir='ltr'><strong>pensas</strong></span> <span class='ocrx_word' id='word_1_154' title='bbox 604 2632 780 2718; x_wconf 85' lang='lat' dir='ltr'><strong>persoluat,</strong></span> <span class='ocrx_word' id='word_1_155' title='bbox 805 2641 838 2699; x_wconf 88' lang='lat' dir='ltr'><strong>et</strong></span> <span class='ocrx_word' id='word_1_156' title='bbox 862 2633 946 2702; x_wconf 87' lang='lat' dir='ltr'><strong>sicut</strong></span> <span class='ocrx_word' id='word_1_157' title='bbox 969 2653 1111 2708; x_wconf 87' lang='lat' dir='ltr'><strong>canones</strong></span> <span class='ocrx_word' id='word_1_158' title='bbox 1126 2633 1294 2722; x_wconf 88' lang='lat' dir='ltr'><strong>mandant,</strong></span> 
     </span>
     <span class='ocr_line' id='line_1_24' title="bbox 162 2743 422 2844; baseline 0.023 -34"><span class='ocrx_word' id='word_1_159' title='bbox 162 2743 307 2844; x_wconf 37' lang='lat' dir='ltr'><strong>,iamet</strong></span> <span class='ocrx_word' id='word_1_160' title='bbox 419 2791 422 2798; x_wconf 91' lang='lat'><em>-</em></span> 
     </span>
    </p>

    <p class='ocr_par' dir='ltr' id='par_1_9' title="bbox 174 2848 1332 3152">
     <span class='ocr_line' id='line_1_25' title="bbox 281 2848 1332 2938; baseline 0.003 -18"><span class='ocrx_word' id='word_1_161' title='bbox 281 2854 391 2923; x_wconf 85' lang='lat' dir='ltr'><strong>Item</strong></span> <span class='ocrx_word' id='word_1_162' title='bbox 423 2849 472 2918; x_wconf 88' lang='lat' dir='ltr'><strong>dc</strong></span> <span class='ocrx_word' id='word_1_163' title='bbox 507 2848 775 2918; x_wconf 88' lang='lat' dir='ltr'><strong>homicidiis</strong></span> <span class='ocrx_word' id='word_1_164' title='bbox 807 2867 1049 2918; x_wconf 84' lang='lat' dir='ltr'><strong>servorum.</strong></span> <span class='ocrx_word' id='word_1_165' title='bbox 1083 2851 1119 2920; x_wconf 87' lang='lat' dir='ltr'><strong>Si</strong></span> <span class='ocrx_word' id='word_1_166' title='bbox 1150 2852 1289 2922; x_wconf 79' lang='lat' dir='ltr'><strong>alicuius</strong></span> <span class='ocrx_word' id='word_1_167' title='bbox 1328 2923 1332 2938; x_wconf 81' lang='grc'>,</span> 
     </span>
     <span class='ocr_line' id='line_1_26' title="bbox 176 2956 1288 3046; baseline 0.002 -20"><span class='ocrx_word' id='word_1_168' title='bbox 176 2979 290 3031; x_wconf 84' lang='lat' dir='ltr'><strong>remus</strong></span> <span class='ocrx_word' id='word_1_169' title='bbox 306 2978 435 3032; x_wconf 69' lang='lat' dir='ltr'><strong>mruum</strong></span> <span class='ocrx_word' id='word_1_170' title='bbox 450 2960 584 3034; x_wconf 86' lang='lat' dir='ltr'><strong>alterius</strong></span> <span class='ocrx_word' id='word_1_171' title='bbox 600 2956 766 3042; x_wconf 85' lang='lat' dir='ltr'><strong>occiderit,</strong></span> <span class='ocrx_word' id='word_1_172' title='bbox 783 2956 937 3024; x_wconf 90' lang='lat' dir='ltr'><strong>reddatur</strong></span> <span class='ocrx_word' id='word_1_173' title='bbox 953 2975 1068 3026; x_wconf 89' lang='lat' dir='ltr'><strong>seruus</strong></span> <span class='ocrx_word' id='word_1_174' title='bbox 1095 2979 1154 3044; x_wconf 85' lang='lat' dir='ltr'><strong>pro</strong></span> <span class='ocrx_word' id='word_1_175' title='bbox 1180 2979 1288 3046; x_wconf 85' lang='lat' dir='ltr'><strong>seruo,</strong></span> 
     </span>
     <span class='ocr_line' id='line_1_27' title="bbox 174 3063 1128 3152; baseline -0.002 -18"><span class='ocrx_word' id='word_1_176' title='bbox 174 3073 231 3134; x_wconf 81' lang='lat' dir='ltr'><strong>aut</strong></span> <span class='ocrx_word' id='word_1_177' title='bbox 244 3064 422 3137; x_wconf 86' lang='lat' dir='ltr'><strong>redimatur</strong></span> <span class='ocrx_word' id='word_1_178' title='bbox 437 3075 470 3130; x_wconf 90' lang='lat' dir='ltr'><strong>et</strong></span> <span class='ocrx_word' id='word_1_179' title='bbox 483 3065 707 3152; x_wconf 85' lang='lat' dir='ltr'><strong>penitentiam,</strong></span> <span class='ocrx_word' id='word_1_180' title='bbox 723 3064 808 3148; x_wconf 89' lang='lat' dir='ltr'><strong>quod</strong></span> <span class='ocrx_word' id='word_1_181' title='bbox 824 3063 1023 3150; x_wconf 87' lang='lat' dir='ltr'><strong>dictumest,</strong></span> <span class='ocrx_word' id='word_1_182' title='bbox 1039 3075 1128 3151; x_wconf 80' lang='lat' dir='ltr'><strong>agat.</strong></span> 
     </span>
    </p>

    <p class='ocr_par' dir='ltr' id='par_1_10' title="bbox 149 3173 1331 4244">
     <span class='ocr_line' id='line_1_28' title="bbox 278 3173 1286 3276; baseline 0 -34"><span class='ocrx_word' id='word_1_183' title='bbox 278 3177 346 3242; x_wconf 92' lang='lat' dir='ltr'><strong>Ite</strong></span> <span class='ocrx_word' id='word_1_184' title='bbox 357 3195 386 3242; x_wconf 89' lang='lat' dir='ltr'><strong>ru</strong></span> <span class='ocrx_word' id='word_1_185' title='bbox 411 3173 546 3247; x_wconf 86' lang='lat' dir='ltr'><strong>aliitd.</strong></span> <span class='ocrx_word' id='word_1_186' title='bbox 570 3175 605 3252; x_wconf 78' lang='lat' dir='ltr'><strong>Si</strong></span> <span class='ocrx_word' id='word_1_187' title='bbox 620 3194 697 3242; x_wconf 89' lang='lat' dir='ltr'><strong>uero</strong></span> <span class='ocrx_word' id='word_1_188' title='bbox 713 3174 797 3241; x_wconf 88' lang='lat' dir='ltr'><strong>liber</strong></span> <span class='ocrx_word' id='word_1_189' title='bbox 820 3174 960 3242; x_wconf 87' lang='lat' dir='ltr'><strong>alicuius</strong></span> <span class='ocrx_word' id='word_1_190' title='bbox 976 3174 1133 3243; x_wconf 87' lang='lat' dir='ltr'><strong>occiderit</strong></span> <span class='ocrx_word' id='word_1_191' title='bbox 1147 3195 1286 3276; x_wconf 81' lang='lat' dir='ltr'><strong>sernum,</strong></span> 
     </span>
     <span class='ocr_line' id='line_1_29' title="bbox 173 3271 1285 3369; baseline 0.003 -20"><span class='ocrx_word' id='word_1_192' title='bbox 173 3283 287 3350; x_wconf 82' lang='lat' dir='ltr'><strong>reddat</strong></span> <span class='ocrx_word' id='word_1_193' title='bbox 302 3282 400 3356; x_wconf 83' lang='lat' dir='ltr'><strong>alium</strong></span> <span class='ocrx_word' id='word_1_194' title='bbox 416 3301 555 3368; x_wconf 87' lang='lat' dir='ltr'><strong>sernum,</strong></span> <span class='ocrx_word' id='word_1_195' title='bbox 571 3283 623 3351; x_wconf 83' lang='lat' dir='ltr'><strong>val</strong></span> <span class='ocrx_word' id='word_1_196' title='bbox 639 3283 776 3369; x_wconf 82' lang='lat' dir='ltr'><strong>pretium</strong></span> <span class='ocrx_word' id='word_1_197' title='bbox 793 3290 975 3368; x_wconf 85' lang='lat' dir='ltr'><strong>componat,</strong></span> <span class='ocrx_word' id='word_1_198' title='bbox 991 3289 1025 3348; x_wconf 90' lang='lat' dir='ltr'><strong>et</strong></span> <span class='ocrx_word' id='word_1_199' title='bbox 1040 3271 1217 3362; x_wconf 80' lang='lat' dir='ltr'><strong>secundum</strong></span> <span class='ocrx_word' id='word_1_200' title='bbox 1232 3303 1285 3352; x_wconf 86' lang='lat' dir='ltr'><strong>ca·</strong></span> 
     </span>
     <span class='ocr_line' id='line_1_30' title="bbox 149 3391 418 3485; baseline -0.011 -27"><span class='ocrx_word' id='word_1_201' title='bbox 149 3462 153 3485; x_wconf 53' lang='grc'><em>,</em></span> <span class='ocrx_word' id='word_1_202' title='bbox 172 3411 272 3460; x_wconf 84' lang='lat' dir='ltr'><strong>uoues</strong></span> <span class='ocrx_word' id='word_1_203' title='bbox 287 3391 418 3461; x_wconf 86' lang='lat' dir='ltr'><strong>ieiunet</strong></span> 
     </span>
     <span class='ocr_line' id='line_1_31' title="bbox 194 3497 1331 3582; baseline 0.003 -16"><span class='ocrx_word' id='word_1_204' title='bbox 194 3539 195 3543; x_wconf 60' lang='lat'><em>=</em></span> <span class='ocrx_word' id='word_1_205' title='bbox 274 3498 347 3566; x_wconf 86' lang='lat' dir='ltr'><strong>XV</strong></span> <span class='ocrx_word' id='word_1_206' title='bbox 370 3497 431 3564; x_wconf 89' lang='lat' dir='ltr'><strong>Dc</strong></span> <span class='ocrx_word' id='word_1_207' title='bbox 462 3498 531 3566; x_wconf 89' lang='lat' dir='ltr'><strong>his</strong></span> <span class='ocrx_word' id='word_1_208' title='bbox 564 3497 638 3582; x_wconf 87' lang='lat' dir='ltr'><strong>qui</strong></span> <span class='ocrx_word' id='word_1_209' title='bbox 659 3517 775 3566; x_wconf 88' lang='lat' dir='ltr'><strong>suas</strong></span> <span class='ocrx_word' id='word_1_210' title='bbox 809 3497 1219 3566; x_wconf 87' lang='lat' dir='ltr'><strong>uxoresoccidunt.</strong></span> <span class='ocrx_word' id='word_1_211' title='bbox 1244 3499 1285 3571; x_wconf 88' lang='lat' dir='ltr'><strong>SI</strong></span> <span class='ocrx_word' id='word_1_212' title='bbox 1325 3499 1331 3510; x_wconf 92' lang='grc'><strong><em>’</em></strong></span> 
     </span>
     <span class='ocr_line' id='line_1_32' title="bbox 170 3605 1283 3692; baseline -0.004 -15"><span class='ocrx_word' id='word_1_213' title='bbox 170 3607 266 3687; x_wconf 75' lang='lat' dir='ltr'><strong>ovis</strong></span> <span class='ocrx_word' id='word_1_214' title='bbox 282 3606 434 3678; x_wconf 86' lang='lat' dir='ltr'><strong>comitum</strong></span> <span class='ocrx_word' id='word_1_215' title='bbox 449 3605 625 3674; x_wconf 88' lang='lat' dir='ltr'><strong>obduratus</strong></span> <span class='ocrx_word' id='word_1_216' title='bbox 650 3606 758 3690; x_wconf 90' lang='lat' dir='ltr'><strong>corde,</strong></span> <span class='ocrx_word' id='word_1_217' title='bbox 785 3605 1020 3691; x_wconf 81' lang='lat' dir='ltr'><strong>neglectasque</strong></span> <span class='ocrx_word' id='word_1_218' title='bbox 1047 3605 1170 3692; x_wconf 83' lang='lat' dir='ltr'><strong>anima,</strong></span> <span class='ocrx_word' id='word_1_219' title='bbox 1196 3605 1283 3692; x_wconf 88' lang='lat' dir='ltr'><strong>qnod</strong></span> 
     </span>
     <span class='ocr_line' id='line_1_33' title="bbox 171 3713 1282 3800; baseline -0.004 -14"><span class='ocrx_word' id='word_1_220' title='bbox 171 3715 281 3800; x_wconf 74' lang='lat' dir='ltr'><strong>procul</strong></span> <span class='ocrx_word' id='word_1_221' title='bbox 296 3715 340 3784; x_wconf 85' lang='lat' dir='ltr'><strong>sii</strong></span> <span class='ocrx_word' id='word_1_222' title='bbox 354 3733 375 3783; x_wconf 89' lang='lat' dir='ltr'><strong>a</strong></span> <span class='ocrx_word' id='word_1_223' title='bbox 391 3715 542 3788; x_wconf 87' lang='lat' dir='ltr'><strong>cordibus</strong></span> <span class='ocrx_word' id='word_1_224' title='bbox 556 3713 747 3784; x_wconf 86' lang='lat' dir='ltr'><strong>fidelitatem</strong></span> <span class='ocrx_word' id='word_1_225' title='bbox 768 3714 1020 3798; x_wconf 85' lang='lat' dir='ltr'><strong>observantium,</strong></span> <span class='ocrx_word' id='word_1_226' title='bbox 1044 3715 1155 3784; x_wconf 84' lang='lat' dir='ltr'><strong>uxoris</strong></span> <span class='ocrx_word' id='word_1_227' title='bbox 1180 3713 1282 3782; x_wconf 91' lang='lat' dir='ltr'><strong>homi·</strong></span> 
     </span>
     <span class='ocr_line' id='line_1_34' title="bbox 171 3821 1280 3910; baseline -0.001 -20"><span class='ocrx_word' id='word_1_228' title='bbox 171 3821 252 3894; x_wconf 84' lang='lat' dir='ltr'><strong>citIIc</strong></span> <span class='ocrx_word' id='word_1_229' title='bbox 262 3821 438 3910; x_wconf 81' lang='lat' dir='ltr'><strong>polluetur,</strong></span> <span class='ocrx_word' id='word_1_230' title='bbox 449 3821 801 3908; x_wconf 65' lang='lat' dir='ltr'><strong>secuudumjdecretum</strong></span> <span class='ocrx_word' id='word_1_231' title='bbox 812 3821 946 3906; x_wconf 79' lang='lat' dir='ltr'><strong>Regalis</strong></span> <span class='ocrx_word' id='word_1_232' title='bbox 956 3822 1097 3890; x_wconf 84' lang='lat' dir='ltr'><strong>Senatus</strong></span> <span class='ocrx_word' id='word_1_233' title='bbox 1108 3841 1180 3890; x_wconf 90' lang='lat' dir='ltr'><strong>cum</strong></span> <span class='ocrx_word' id='word_1_234' title='bbox 1191 3822 1280 3906; x_wconf 89' lang='lat' dir='ltr'><strong>quin·</strong></span> 
     </span>
     <span class='ocr_line' id='line_1_35' title="bbox 169 3915 1280 4016; baseline -0.005 -16"><span class='ocrx_word' id='word_1_235' title='bbox 169 3929 324 4016; x_wconf 73' lang='lat' dir='ltr'><strong>quesinta</strong></span> <span class='ocrx_word' id='word_1_236' title='bbox 339 3915 484 4000; x_wconf 83' lang='lat' dir='ltr'><strong>iuvcn‘cir</strong></span> <span class='ocrx_word' id='word_1_237' title='bbox 500 3931 690 4016; x_wconf 81' lang='lat' dir='ltr'><strong>parentibus</strong></span> <span class='ocrx_word' id='word_1_238' title='bbox 707 3929 851 3998; x_wconf 89' lang='lat' dir='ltr'><strong>mulieris</strong></span> <span class='ocrx_word' id='word_1_239' title='bbox 871 3929 1071 4013; x_wconf 85' lang='lat' dir='ltr'><strong>concilietur,</strong></span> <span class='ocrx_word' id='word_1_240' title='bbox 1098 3931 1131 4002; x_wconf 85' lang='lat' dir='ltr'><strong>el</strong></span> <span class='ocrx_word' id='word_1_241' title='bbox 1155 3929 1280 3998; x_wconf 83' lang='lat' dir='ltr'><strong>ieiunet</strong></span> 
     </span>
     <span class='ocr_line' id='line_1_36' title="bbox 167 4036 1280 4118; baseline -0.002 -10"><span class='ocrx_word' id='word_1_242' title='bbox 167 4036 343 4112; x_wconf 73' lang='lat' dir='ltr'><strong>meandum</strong></span> <span class='ocrx_word' id='word_1_243' title='bbox 358 4037 516 4112; x_wconf 80' lang='lat' dir='ltr'><strong>mandata</strong></span> <span class='ocrx_word' id='word_1_244' title='bbox 535 4057 702 4109; x_wconf 72' lang='lat' dir='ltr'><strong>munuum.</strong></span> <span class='ocrx_word' id='word_1_245' title='bbox 724 4039 760 4106; x_wconf 87' lang='lat' dir='ltr'><strong>Si</strong></span> <span class='ocrx_word' id='word_1_246' title='bbox 775 4045 883 4110; x_wconf 86' lang='lat' dir='ltr'><strong>autem</strong></span> <span class='ocrx_word' id='word_1_247' title='bbox 898 4037 992 4112; x_wconf 83' lang='lat' dir='ltr'><strong>miles</strong></span> <span class='ocrx_word' id='word_1_248' title='bbox 1007 4037 1065 4104; x_wconf 84' lang='lat' dir='ltr'><strong>vel</strong></span> <span class='ocrx_word' id='word_1_249' title='bbox 1075 4036 1280 4118; x_wconf 84' lang='lat' dir='ltr'><strong>alicuiusuir</strong></span> 
     </span>
     <span class='ocr_line' id='line_1_37' title="bbox 167 4142 1289 4244; baseline -0.001 -32"><span class='ocrx_word' id='word_1_250' title='bbox 167 4143 323 4214; x_wconf 79' lang='lat' dir='ltr'><strong>ubertatis</strong></span> <span class='ocrx_word' id='word_1_251' title='bbox 353 4145 490 4214; x_wconf 84' lang='lat' dir='ltr'><strong>candem</strong></span> <span class='ocrx_word' id='word_1_252' title='bbox 514 4147 643 4233; x_wconf 78' lang='lat' dir='ltr'><strong>culpam</strong></span> <span class='ocrx_word' id='word_1_253' title='bbox 669 4146 827 4232; x_wconf 90' lang='lat' dir='ltr'><strong>inciderit,</strong></span> <span class='ocrx_word' id='word_1_254' title='bbox 851 4147 943 4214; x_wconf 84' lang='lat' dir='ltr'><strong>iuxta</strong></span> <span class='ocrx_word' id='word_1_255' title='bbox 968 4142 1106 4213; x_wconf 87' lang='lat' dir='ltr'><strong>eundem</strong></span> <span class='ocrx_word' id='word_1_256' title='bbox 1123 4144 1289 4244; x_wconf 81' lang='lat' dir='ltr'><strong>Senatum</strong></span> 
     </span>
    </p>
   </div>
   <div class='ocr_carea' id='block_1_6' title="bbox 32 4251 1277 4350">
    <p class='ocr_par' dir='ltr' id='par_1_11' title="bbox 32 4251 1277 4350">
     <span class='ocr_line' id='line_1_38' title="bbox 32 4251 1277 4350; baseline -0.005 -26"><span class='ocrx_word' id='word_1_257' title='bbox 32 4299 37 4310; x_wconf 91' lang='lat'><em>·</em></span> <span class='ocrx_word' id='word_1_258' title='bbox 167 4257 272 4350; x_wconf 73' lang='lat' dir='ltr'><strong>soluat</strong></span> <span class='ocrx_word' id='word_1_259' title='bbox 301 4255 537 4341; x_wconf 84' lang='lat' dir='ltr'><strong>parcutihusX</strong></span> <span class='ocrx_word' id='word_1_260' title='bbox 559 4257 722 4342; x_wconf 80' lang='lat' dir='ltr'><strong>iuuencos,</strong></span> <span class='ocrx_word' id='word_1_261' title='bbox 747 4257 931 4340; x_wconf 87' lang='lat' dir='ltr'><strong>ieiunetque</strong></span> <span class='ocrx_word' id='word_1_262' title='bbox 954 4259 991 4320; x_wconf 89' lang='lat' dir='ltr'><strong>ut</strong></span> <span class='ocrx_word' id='word_1_263' title='bbox 1013 4251 1133 4320; x_wconf 85' lang='lat' dir='ltr'><strong>dIctum</strong></span> <span class='ocrx_word' id='word_1_264' title='bbox 1157 4260 1217 4322; x_wconf 81' lang='lat' dir='ltr'><strong>cat</strong></span> <span class='ocrx_word' id='word_1_265' title='bbox 1240 4251 1277 4322; x_wconf 84' lang='lat' dir='ltr'><strong>Si</strong></span> 
     </span>
    </p>
   </div>
   <div class='ocr_carea' id='block_1_7' title="bbox 164 4359 1273 4682">
    <p class='ocr_par' dir='ltr' id='par_1_12' title="bbox 164 4359 1273 4682">
     <span class='ocr_line' id='line_1_39' title="bbox 164 4359 1273 4448; baseline -0.005 -16"><span class='ocrx_word' id='word_1_266' title='bbox 164 4363 296 4448; x_wconf 63' lang='lat' dir='ltr'><strong>amris</strong></span> <span class='ocrx_word' id='word_1_267' title='bbox 311 4362 346 4429; x_wconf 91' lang='lat' dir='ltr'><strong>in</strong></span> <span class='ocrx_word' id='word_1_268' title='bbox 360 4362 476 4430; x_wconf 90' lang='lat' dir='ltr'><strong>eudem</strong></span> <span class='ocrx_word' id='word_1_269' title='bbox 490 4364 623 4432; x_wconf 84' lang='lat' dir='ltr'><strong>crimina</strong></span> <span class='ocrx_word' id='word_1_270' title='bbox 637 4365 834 4448; x_wconf 87' lang='lat' dir='ltr'><strong>inuenietur,</strong></span> <span class='ocrx_word' id='word_1_271' title='bbox 861 4381 933 4430; x_wconf 88' lang='lat' dir='ltr'><strong>cum</strong></span> <span class='ocrx_word' id='word_1_272' title='bbox 957 4361 1105 4445; x_wconf 51' lang='lat' dir='ltr'><strong>quinque*</strong></span> <span class='ocrx_word' id='word_1_273' title='bbox 1124 4359 1273 4428; x_wconf 84' lang='lat' dir='ltr'><strong>iuuencis</strong></span> 
     </span>
     <span class='ocr_line' id='line_1_40' title="bbox 166 4468 1177 4558; baseline -0.003 -19"><span class='ocrx_word' id='word_1_274' title='bbox 166 4471 311 4558; x_wconf 62' lang='lat' dir='ltr'><strong>manatio</strong></span> <span class='ocrx_word' id='word_1_275' title='bbox 326 4468 563 4554; x_wconf 85' lang='lat' dir='ltr'><strong>reconcilietur,</strong></span> <span class='ocrx_word' id='word_1_276' title='bbox 580 4477 614 4538; x_wconf 89' lang='lat' dir='ltr'><strong>ct</strong></span> <span class='ocrx_word' id='word_1_277' title='bbox 629 4471 784 4538; x_wconf 84' lang='lat' dir='ltr'><strong>subdatur</strong></span> <span class='ocrx_word' id='word_1_278' title='bbox 798 4468 975 4556; x_wconf 82' lang='lat' dir='ltr'><strong>praedictis</strong></span> <span class='ocrx_word' id='word_1_279' title='bbox 989 4468 1128 4536; x_wconf 80' lang='lat' dir='ltr'><strong>ieiuniis.</strong></span> <span class='ocrx_word' id='word_1_280' title='bbox 1174 4488 1177 4492; x_wconf 90' lang='lat'>·</span> 
     </span>
     <span class='ocr_line' id='line_1_41' title="bbox 248 4573 1271 4682; baseline -0.01 -30"><span class='ocrx_word' id='word_1_281' title='bbox 248 4579 337 4652; x_wconf 77' lang='lat' dir='ltr'><strong>xvi.</strong></span> <span class='ocrx_word' id='word_1_282' title='bbox 360 4577 420 4656; x_wconf 83' lang='lat' dir='ltr'><strong>Da</strong></span> <span class='ocrx_word' id='word_1_283' title='bbox 453 4573 780 4665; x_wconf 78' lang='lat' dir='ltr'><strong>cuagiuatione</strong></span> <span class='ocrx_word' id='word_1_284' title='bbox 813 4576 973 4662; x_wconf 77' lang='lat' dir='ltr'><strong>gladii.</strong></span> <span class='ocrx_word' id='word_1_285' title='bbox 1007 4575 1051 4642; x_wconf 88' lang='lat' dir='ltr'><strong>Ut</strong></span> <span class='ocrx_word' id='word_1_286' title='bbox 1083 4595 1151 4666; x_wconf 82' lang='lat' dir='ltr'><strong>pax</strong></span> <span class='ocrx_word' id='word_1_287' title='bbox 1176 4573 1271 4682; x_wconf 77' lang='lat' dir='ltr'><strong>firma</strong></span> 
     </span>
    </p>
   </div>
   <div class='ocr_carea' id='block_1_8' title="bbox 0 0 1622 5072">
    <p class='ocr_par' dir='ltr' id='par_1_13' title="bbox 0 0 1622 5072">
     <span class='ocr_line' id='line_1_42' title="bbox 0 0 1622 5072; baseline 0 11"><span class='ocrx_word' id='word_1_288' title='bbox 0 0 1622 5072; x_wconf 95' lang='lat' dir='ltr'><strong> </strong></span> 
     </span>
    </p>
   </div>
  </div>
 </body>
</html>
