3234 5072
167 901 260 968 sm
283 902 394 969 moe
408 904 582 970 renorma
604 902 841 988 near-nepa
864 879 931 968 oio
954 901 1044 988 nee
1065 901 1137 970 ern
1157 911 1212 970 rer
1226 907 1274 973 re

168 1011 258 1083 ritioi
279 1013 520 1092 euaderiw'lje
542 1011 707 1078 kttldrro‘oerr
729 1011 978 1097 Mapyarornsdp
999 1010 1113 1076 alchos-i
1136 1011 1277 1099 dllopot-

164 1119 266 1202 jorot.
299 1115 508 1184 Ateddritdr
531 1119 576 1185 ΙΙ.
610 1120 735 1186 Hemilt
765 1120 982 1184 ederat-osmer
1012 1121 1194 1186 cedendi-tos
1216 1144 1275 1187 voro

427 1316 428 1325 ἵ
544 1227 672 1294 irridete.
696 1228 784 1294 1006
799 1225 903 1292 torsit.

275 1383 351 1491 vno
367 1405 870 1511 n0o0s10p10,nenrteonsgr,
885 1407 1021 1510 sonno)
1036 1423 1098 1508 ore,
1114 1423 1190 1507 quid
1213 1407 1277 1494 not

172 1520 270 1596 miser
294 1529 447 1598 tentum?
479 1529 642 1616 uuidquid
665 1533 789 1614 Regem
813 1533 910 1600 deoet
934 1538 966 1596 et
991 1537 1108 1598 ennete
1134 1535 1305 1601 oernenti-

169 1633 298 1704 domino
310 1637 385 1704 Deo
401 1638 518 1725 plaeet,
536 1638 632 1707 dubio
647 1639 761 1726 prooul
784 1639 894 1725 sapiet
918 1639 1091 1724 religiosus
1115 1640 1195 1716 Rex.
1220 1641 1280 1706 Est

59 1748 62 1756 '
169 1761 261 1810 nemo
277 1743 391 1812 vivens
406 1764 504 1831 snper
519 1751 646 1839 terrem,
663 1747 718 1831 qui
732 1747 805 1833 plns
829 1746 945 1840 diliget
970 1753 1113 1814 vestram
1139 1748 1279 1814 sulutem
1325 1835 1326 1844 ἵ

170 1851 344 1920 seeundum
359 1851 534 1921 Dominum
550 1855 653 1944 etqui
669 1857 745 1940 plus
760 1854 840 1920 velit
863 1873 989 1922 omnem
1013 1861 1154 1922 vestrum
1180 1855 1278 1922 hono·

168 1977 234 2026 rem
251 1960 428 2028 seeundum
444 1963 598 2046 sedulum,
613 1961 711 2029 multo
734 1949 847 2052 lobore
870 1963 1009 2048 plenum.
1033 1963 1147 2030 Frater
1172 1971 1279 2030 vester

170 2069 289 2153 optime
304 2088 412 2155 eorus,
429 2070 612 2156 Episcopus
627 2071 747 2155 Brnno,
762 2094 829 2136 oum
844 2093 962 2144 oronam
980 2068 1123 2156 former
1137 2073 1172 2136 io
1195 2081 1280 2138 terrm

174 2175 359 2262 Uoprorom,
376 2175 456 2244 dixit
471 2177 560 2262 mihi,
575 2189 645 2263 vos,
661 2199 680 2244 o
696 2179 777 2257 Rex,
801 2177 890 2264 piem
915 2175 1167 2246 muieituotnem
1192 2179 1279 2247 eires

170 2303 219 2349 me
238 2285 362 2354 hebere
388 2295 420 2352 et
444 2285 540 2354 valde
566 2288 661 2355 nimis
687 2283 810 2372 timere
836 2308 878 2360 no
900 2285 1017 2355 vellem
1043 2285 1163 2374 perire·
1185 2285 1279 2366 Quod

170 2390 279 2476 utique
294 2393 443 2460 fecissem
462 2401 494 2460 et
510 2393 603 2478 isoio,
619 2380 682 2460 nisi
698 2393 891 2480 prohiberet,
918 2395 972 2479 qui
997 2389 1277 2482 adhueprohibet,

169 2499 309 2569 demens
339 2501 427 2568 Deus
457 2501 491 2567 'et
520 2503 629 2569 senior
653 2521 744 2570 meus
775 2499 1161 2578 sanctissimusPetrus.
1185 2502 1273 2590 Redss
1303 2537 1307 2552 ι
1373 2527 1375 2532 ’

170 2609 227 2674 det
242 2607 302 2674 tibi
318 2609 409 2676 Dens
425 2599 572 2676 meritum
588 2609 622 2675 in
637 2615 724 2676 terra
734 2609 921 2692 viventium,
935 2608 1181 2694 qnio‚egregius
1192 2605 1278 2697 (tgy)

170 2717 250 2802 Rex,
266 2723 312 2800 tn,
329 2717 391 2800 qui
401 2715 502 2784 debes
517 2729 601 2802 peno
611 2735 784 2802 proourure
794 2713 894 2784 totum
904 2717 1066 2802 mundum,
1076 2716 1116 2784 de
1126 2739 1177 2786 me
1189 2717 1277 2784 mini-

170 2845 220 2891 mo
230 2821 328 2893 servo
343 2833 406 2908 tuo,
419 2824 618 2910 reperirem,
630 2824 783 2911 dignatus
793 2843 829 2892 es
840 2824 1009 2892 innomine
1020 2823 1150 2892 Domini
1158 2823 1280 2911 hebere
1316 2827 1318 2840 '

170 2932 252 2999 hano
267 2929 410 3010 nobilem
426 2953 544 3000 eurem.
569 2933 700 3000 Gratius
716 2931 805 3000 Deo!
828 2933 888 3016 Tu,
905 2951 977 3000 oum
999 2933 1045 3000 sis
1068 2934 1139 3000 Rex
1164 2951 1300 3027 seeum-¹
1364 2977 1366 2982 -

169 3044 241 3110 dum
257 3027 454 3128 sapientiam
472 3061 569 3128 quem
584 3039 644 3108 tibi
658 3039 748 3115 Deus
764 3040 862 3124 dedit,
880 3039 1019 3109 studium
1033 3041 1147 3126 hebes,
1172 3049 1208 3110 ut
1230 3041 1277 3108 sis
1298 3072 1299 3076 =
1428 3075 1432 3083 ·

170 3150 270 3218 bouus
286 3157 320 3217 et
335 3151 515 3220 eutholioos
540 3156 652 3236 rector,
669 3149 715 3217 sis
731 3157 763 3217 et
778 3149 907 3235 quelem
919 3153 922 3160 '
932 3150 1054 3218 hebem
1068 3169 1203 3220 neeesse
1219 3155 1279 3234 est,

170 3260 288 3332 Sunote
318 3251 466 3338 iioolesie
495 3257 567 3346 pins
591 3265 625 3325 et
647 3258 812 3326 districtus
840 3259 964 3339 auriga.
990 3257 1142 3327 Similiter
1157 3264 1189 3324 et
1204 3274 1275 3340 nos,

169 3367 280 3435 miseri
290 3367 660 3454 qualesonnque,tumen
675 3367 731 3446 tui,
747 3385 790 3432 ne
804 3363 1004 3458 hane'vitom
1019 3364 1052 3430 in
1068 3385 1187 3432 venum
1203 3385 1278 3432 oon·
1299 3431 1308 3450 ,

169 3495 322 3545 sunonem
332 3483 365 3542 et
373 3474 452 3543 nudi
461 3471 768 3544 inveniemurindie
776 3473 1060 3556 mortis,qunntum
1071 3474 1142 3540 solo
1151 3473 1275 3542 miseri·

171 3584 403 3654 oordieSeneti
421 3583 560 3670 Spiritus
576 3581 641 3667 tint,
658 3580 795 3669 operari,
807 3579 956 3647 laborare
971 3579 1111 3647 studium
1120 3580 1277 3648 mittimus

170 3691 345 3762 seeundum
357 3693 438 3762 illud
448 3692 562 3778 optimi
577 3689 672 3760 Pauli
688 3713 696 3755 ι
711 3690 785 3756 Non
792 3688 887 3776 socio
901 3689 1041 3754 animam
1055 3709 1155 3755 meaos
1163 3690 1279 3776 pretio-

169 3801 292 3886 rionon,
309 3823 403 3888 quam
416 3821 472 3892 me
488 3799 585 3886 Ergo,
601 3804 755 3884 quantum
770 3795 825 3884 ¹od
853 3816 917 3882 me,
946 3796 1027 3864 nihil
1056 3797 1120 3866 uisi
1150 3795 1272 3864 malum

170 3908 253 3976 ieeio
263 3913 410 3991 tuntum,
426 3912 581 4002 quantum
590 3902 668 3975 vero
679 3906 723 3974 od
733 3905 915 3984 Dominum,
931 3905 985 3972 ubi
995 3906 1071 3988 vult,
1083 3905 1177 3978 eitius
1186 3897 1274 3970 dioto

171 4017 247 4101 feeit
263 4035 358 4085 omne
372 4017 500 4084 bonum.
518 4013 627 4103 Opere
650 4014 715 4083 Dei
734 4015 881 4084 revelere
906 4021 939 4082 et
962 4013 1105 4083 confiteri
1129 4009 1276 4080 honorifi-

170 4145 240 4195 eum
255 4131 327 4210 est;
346 4125 487 4194 maxime
502 4126 595 4192 vobis
611 4113 721 4218 tedere
736 4143 802 4206 non
817 4121 930 4208 debeo,
949 4121 1040 4192 euius
1062 4127 1181 4188 saneto
1205 4139 1276 4207 per·
1376 4129 1380 4152 ⁷

171 4236 324 4304 suasione
339 4233 512 4324 episeopus
536 4251 618 4318 sum,
643 4233 697 4316 qni
727 4231 768 4313 de
798 4231 918 4298 Sancto
950 4231 1043 4298 Petro
1074 4227 1279 4316 euangelium

170 4342 290 4413 Christi
303 4342 456 4430 gentibus
471 4347 571 4430 porto.

232 4501 235 4510 .
276 4451 372 4522 corte
396 4449 467 4518 dies
493 4457 525 4520 et
547 4451 676 4518 menses
705 4447 771 4516 iem
803 4437 988 4535 complevit
1006 4447 1132 4534 integer
1161 4463 1276 4530 onnus,

171 4559 260 4648 qood,
276 4559 331 4626 ubi
345 4559 403 4625 dio
410 4565 539 4643 fronto
552 4558 696 4642 redimes,
712 4557 830 4643 Uoproo
845 4554 1017 4620 dimisissem
1032 4560 1065 4621 et
1079 4549 1123 4620 ed
1137 4551 1278 4618 omnium

170 4665 370 4764 pagensium
386 4663 626 4734 crudelissimos
642 4667 827 4749 Perenegos
838 4661 929 4731 'mem
943 4661 1143 4750 arripuimus.
1159 4655 1274 4758 Senior
1380 4653 1384 4662 '
