3214 5066
662 313 817 410 -..Q

179 488 418 579 Wsrsdinensi‚
434 497 660 570 Bartholomco
677 505 1019 590 Quinqueecclesiensi
1035 517 1211 604 Episcopis
1227 523 1293 588 exi-

177 601 357 686 stentibus,
374 641 417 650 —
434 604 571 675 Nicolco
596 609 662 678 filio
689 615 771 681 Borz
796 611 948 686 Pslctino
974 629 1007 688 et
1033 623 1157 694 Gemite
1174 627 1293 714 Supru-
1329 685 1341 696 .,

175 709 293 794 niensi,
309 707 417 779 Ochun
432 715 533 801 Bsno,
553 716 653 786 Psnlo
667 721 734 788 filio
750 723 838 790 Petri
854 724 1045 815 Wojsuods‚
1062 731 1292 802 Dionisiomu·
1392 805 1398 822 ,

177 817 279 900 gistro
298 819 571 892 Taunumicorum
588 833 620 893 ct
636 828 758 898 Comite
773 833 814 902 de
829 834 937 904 Bschs
946 886 956 921 ,
982 839 1059 918 Julu
1082 843 1204 909 maiore
1229 845 1291 910 Bn-

177 924 346 1014 drugiensi
362 937 395 998 et
410 931 506 1000 Curio
521 909 645 1004 Gemite
660 938 781 1023 Regio,
809 948 841 1008 et
860 945 976 1013 ueteris
993 947 1170 1017 comitibus
1187 949 1291 1020 (iomi-

176 1045 263 1106 tstns
280 1043 473 1110 tenentibus.
487 1045 591 1128 Regni
607 1048 708 1113 nostri
723 1065 808 1115 enno
824 1049 948 1120 decimo
966 1059 999 1122 et
1014 1062 1139 1126 octono.

283 1224 383 1291 Jews
415 1217 564 1290 Fejernek,
580 1223 610 1277 ki
623 1241 692 1279 czen
706 1223 842 1298 okmsnyt
855 1231 1114 1304 gyiijtemenye'nek
1126 1234 1176 1292 ket
1188 1235 1290 1308 heiyen

176 1313 259 1386 (eos.
275 1310 353 1382 Dipl.
368 1309 420 1365 ΙΙΙ.
432 1311 459 1364 k.
473 1313 496 1366 2.
511 1330 534 1364 r.
546 1309 608 1369 476.
620 1315 639 1372 l.
653 1313 684 1370 es
696 1315 731 1374 V.
745 1317 772 1374 ir.
786 1319 811 1375 1.
825 1339 847 1374 r.
861 1321 922 1379 297.
936 1324 968 1394 l.)
991 1325 1057 1380 cssk
1076 1324 1158 1382 bibes
1171 1327 1291 1384 misolst

175 1405 245 1462 utin
256 1407 329 1459 tette
340 1400 438 1467 bozze,
460 1417 525 1454 nem
538 1403 657 1460 sikeriilt
670 1407 767 1468 mbdot
779 1408 888 1480 tultlni
908 1414 1052 1474 miszcrint
1064 1421 1113 1472 sut
1124 1435 1159 1472 sn
1171 1417 1291 1474 credeti-

174 1497 221 1554 vel
234 1486 526 1551 busnehssonlithutts
547 1493 640 1548 volnt.
662 1495 690 1550 A
710 1496 905 1568 nsgyerdemit
926 1503 1017 1560 busur
1037 1505 1231 1563 kivtnortnak
1252 1509 1290 1564 itt

172 1589 304 1665 porlolag
315 1565 438 1638 tesniink
450 1579 551 1650 eleget,
561 1599 594 1637 uz
606 1581 729 1658 okminy
741 1576 878 1658 subroget
891 1607 925 1645 cz
940 1594 1045 1650 eredeti
1057 1593 1128 1653 utin
1140 1598 1287 1668 kbzblveu,

173 1685 249 1754 mety
263 1696 281 1733 e
293 1666 507 1732 scene-mimoni
519 1669 649 1745 fbapetst
653 1693 672 1746 g
684 1674 881 1770 levcittrsbuu
893 1678 1046 1778 tsltttstik.
1371 1691 1377 1702 '

600 1923 844 1938 m

598 2276 600 2290 ι
690 2201 746 2268 ou.

168 2393 233 2458 nr.
257 2386 415 2454 remotus
434 2386 525 2471 popa
547 2403 568 2445 a
585 2365 817 2469 mancusos
841 2346 1171 2478 sementariotios
1201 2395 1232 2458 o
1262 2415 1284 2459 a

166 2495 307 2586 zaqrdbi·
318 2490 440 2582 pitspbb
464 2491 531 2574 bbzt
556 2511 576 2552 a
600 2491 836 2578 soruogryroeqyei
851 2493 935 2559 tr'zod
949 2497 1083 2582 oqysteo
1097 2500 1282 2568 imezkedik.

518 2605 519 2608 ’
676 2600 772 2662 1221.

275 2781 434 2850 Honorius
444 2780 625 2868 Episcopus
641 2797 754 2846 seruus
767 2799 933 2850 seruorum
944 2785 1017 2871 Dei,
1034 2785 1159 2855 dilectis
1174 2787 1280 2859 filiis...
1300 2833 1306 2846 ·

163 2893 288 2964 Abbati
311 2891 353 2961 dc
373 2891 460 2959 -Gurc
486 2883 606 2975 (Zircz)
631 2885 665 2952 iu
691 2887 809 2955 Bokeu
824 2889 1083 2980 'vesprimiensis
1120 2897 1280 2986 Diocesis‚

164 3011 228 3071 et...
244 2998 461 3084 Strigoniensi
477 3003 540 3063 et...
560 2994 731 3063 Genriensi
745 2997 922 3084 Propositis
937 3004 1077 3072 sulutem
1093 3009 1126 3070 et
1141 3006 1279 3090 Aposto-

162 3105 262 3179 licsm
277 3105 542 3176 benedictionem.
576 3101 661 3170 Olim
677 3103 762 3171 inter
777 3105 912 3176 dilectos
927 3109 1043 3178 filios...
1068 3111 1231 3182 Abbstem
1246 3121 1280 3182 ct
1354 3122 1359 3134 '

164 3219 365 3288 Gonueutum
381 3211 494 3282 Sancti
508 3211 641 3278 Martini
655 3210 696 3279 de
712 3213 883 3281 Pannonia
899 3234 941 3281 cx
956 3222 1050 3303 purte
1065 3236 1148 3302 unu,
1174 3221 1208 3286 ct
1222 3241 1277 3288 vc·

163 3325 342 3394 nerubilem
358 3322 491 3390 fratrem
506 3324 681 3412 nostrum...
700 3319 897 3410 Episcopum
912 3328 944 3388 et
961 3323 1143 3390 canonicos
1158 3327 1278 3412 Zagru-

161 3399 293 3502 bienses
318 3451 359 3498 ex
384 3429 491 3496 alters
506 3449 606 3516 snper
623 3427 756 3494 decimis
773 3429 972 3512 quarundam
985 3434 1228 3517 possessionum
1245 3443 1277 3501 et

161 3543 301 3611 aliarum
316 3559 422 3606 rerum
446 3541 480 3604 in
499 3537 662 3605 Comitstu
678 3534 865 3621 simigiensi
882 3537 1092 3606 existentium
1107 3543 1276 3626 questione

160 3651 307 3735 suborta,
323 3647 454 3716 taudem
469 3653 545 3732 post
560 3647 679 3714 multus
698 3645 942 3716 commissiones
958 3649 1000 3716 ab
1017 3649 1132 3718 eodem
1148 3653 1274 3719 Abbste

158 3781 256 3847 super
270 3759 336 3845 hijs
352 3779 373 3824 u
389 3757 473 3824 bone
503 3756 657 3824 memorio
685 3752 902 3844 I(nnoccntio)
920 3757 1012 3844 Papo
1037 3754 1273 3847 p'redecessore

158 3876 269 3938 nostro
285 3867 329 3936 sd
344 3867 491 3936 diuersos
508 3864 632 3933 iudices
646 3865 835 3950 impetretis,
845 3863 1022 3951 venerabili
1041 3867 1133 3936 fratri
1143 3877 1272 3939 nostro..

158 3953 332 4045 Geuriensi
356 3975 519 4060 Episcopo
546 3979 579 4039 et
605 3973 823 4040 coniudicibus
839 3975 906 4042 suis
924 3974 965 4042 dc
981 3978 1145 4062 utriusque
1169 3981 1272 4064 partis

157 4103 296 4153 assensu
311 4081 401 4150 dedit
416 4081 502 4149 idem
518 4083 731 4168 predecessor
745 4087 857 4152 noster
872 4082 940 4150 suis
955 4083 1073 4152 litteris
1089 4087 1121 4151 in
1138 4087 1270 4154 manda-

155 4193 219 4280 tis,
246 4199 281 4259 ut
305 4191 393 4258 infre
418 4181 562 4258 mensem
585 4189 642 4256 lite
657 4189 801 4274 legitime
818 4198 1000 4259 contestata
1015 4212 1149 4258 causam
1164 4193 1270 4278 ipsam

157 4300 353 4370 sufficientur
383 4303 572 4368 instructam
602 4299 645 4366 sd
675 4299 853 4366 Concilium
879 4299 1080 4368 remitterent
1096 4300 1268 4389 Genersle,

155 4428 288 4493 quorum
298 4427 376 4495 purs
387 4407 618 4494 Zugrsbicnsis
627 4407 789 4474 malitiose
804 4407 972 4474 declinans
989 4425 1126 4476 examen
1136 4411 1271 4478 recessit
1385 4451 1387 4458 ·

155 4519 387 4587 contumaciter
403 4517 445 4585 ab
462 4517 595 4602 eisdem,
611 4516 695 4583 siout
710 4515 743 4581 in
758 4515 916 4582 relatione
936 4515 1076 4584 iudicum
1096 4518 1269 4586 eorundem
1342 4515 1352 4535 ¹

151 4625 195 4696 ud
219 4629 326 4716 ipsum
351 4627 477 4699 directa
503 4623 909 4715 continebaturexpresse.
940 4627 1076 4694 Domum
1092 4633 1268 4697 memorato
