3214 5072
786 297 938 410 ..3⁶-

300 495 407 560 fenum
423 493 466 560 ad
482 491 668 562 sulcandum
688 529 731 541 -
748 529 790 543 -
813 531 848 542 —
866 493 1104 564 dimidietatem
1121 497 1198 586 feni,
1215 501 1300 583 quod
1316 502 1423 569 habet

289 601 345 668 ibi
368 601 528 670 Ecclesia.
553 603 805 688 verumptamen
832 610 868 670 rt
881 601 977 672 huius
991 607 1038 674 rei
1054 605 1231 693 disposicio
1246 614 1319 675 rata
1334 629 1421 677 sem-

300 727 359 794 per
374 715 407 774 et
422 707 593 776 immobilis
610 707 739 793 existat,
756 709 810 795 rel
826 729 866 776 ne
883 710 1018 779 libertas
1033 731 1145 779 eorum
1170 713 1203 780 in
1228 715 1338 798 aliquo
1363 717 1420 783 de·

300 822 434 898 crescat,
451 816 504 881 vel
520 813 607 881 ullus
627 821 827 899 posterorum
843 816 884 883 de
900 815 975 884 filiis
992 819 1142 886 Ecclesia
1158 821 1323 906 infringat,
1341 843 1418 891 con-

299 923 459 990 firmatum
475 928 526 988 est
542 941 583 988 ex
598 921 790 990 anctoritate
814 923 974 993 Johannis
996 926 1142 994 eiusdem
1158 927 1308 997 Ecclesia
1324 931 1419 1016 Epis-

300 1033 387 1118 copi,
418 1047 576 1098 consensu
607 1049 736 1114 quoqne
766 1031 928 1117 Prepusiti
954 1032 1128 1120 Cherubin,
1153 1034 1278 1103 Thome
1294 1035 1419 1105 vicarii

301 1140 468 1226 Episcopi,
487 1138 637 1206 Cant-oris
662 1138 832 1218 Enusardi,
858 1141 1011 1210 Custodia
1036 1142 1210 1228 Pancratii‚
1236 1143 1419 1212 Foroudum

303 1279 641 1296 ------
659 1245 829 1332 Felioiani,
856 1255 888 1314 et
912 1241 978 1316 tam
1003 1249 1171 1334 minorum,
1195 1269 1291 1333 quam
1317 1256 1418 1321 maio·
1464 1319 1468 1326 .

304 1361 392 1438 rum;'
403 1351 621 1426 ,exstantibus
631 1359 739 1420 autem
753 1360 829 1422 tuno
846 1357 1006 1444 temporis
1016 1359 1150 1425 Deoaro
1166 1377 1274 1426 eorum
1287 1359 1418 1448 Jutono,
1469 1361 1471 1364 ’

305 1461 430 1530 Oomite
445 1482 571 1548 quoque
588 1463 763 1551 Stephano.
779 1465 934 1550 Quisquis
951 1467 1050 1551 igitur
1064 1466 1150 1535 hanc
1165 1449 1422 1538 intitulaoionem

305 1570 505 1656 infuturum
530 1565 663 1641 violare
679 1573 911 1660 presumpserit
942 1574 1161 1644 anathematis
1190 1576 1319 1645 vinculo
1343 1597 1420 1646 oon·

306 1681 483 1766 stringetur
497 1699 582 1748 nunc
598 1685 631 1748 et
650 1680 684 1747 in
700 1699 804 1747 enum.

429 1873 573 1946 (Eredetie
585 1873 727 1933 talsltstiir
739 1891 757 1931 a
769 1873 926 1948 vesupremi
937 1874 1073 1950 kdptslan
1087 1875 1301 1950 levatitia-siban).

726 2049 992 2066 -——···-—-—-

817 2331 818 2338 κ
831 2289 888 2356 37.

308 2468 481 2534 minacior
496 2471 605 2556 prosa
620 2469 784 2541 bakoubslc',
805 2474 968 2558 aputadpot
991 2471 1097 2538 Paion
1123 2475 1156 2537 da
1178 2471 1315 2538 Matuta
1340 2473 1423 2560 taly-

561 2577 699 2664 aepelcloel
721 2579 948 2666 admorunyozza
971 2602 1048 2668 mep.
1071 2581 1169 2646 1181.

310 2842 314 2848 ¹
418 2755 575 2834 Quoniam
591 2765 699 2844 preter
708 2763 832 2827 ceteros
842 2756 982 2825 humane
995 2764 1108 2826 nature
1125 2757 1271 2828 defectus
1287 2761 1320 2828 in
1336 2763 1421 2829 hanc

308 2863 428 2931 vallem
445 2865 659 2951 laerymarum
677 2866 849 2933 obliuionis
869 2868 1055 2953 passionem
1071 2869 1274 2954 incurrimus,
1290 2869 1422 2936 mirabi-

309 2973 350 3040 lis
367 2972 501 3041 inolenit
517 2975 725 3059 consuetudo,
742 2981 776 3042 vt
794 2995 841 3042 ea
865 2994 928 3061 qne
954 2976 1196 3043 racionabiliter
1221 2976 1422 3060 ordinantur,

310 3083 486 3152 litterarum
503 3083 672 3169 appicibus
688 3083 990 3152 commendarentur
1005 3091 1038 3152 et
1062 3086 1110 3150 sio
1136 3086 1241 3152 uiuaci
1265 3086 1423 3152 memoria

310 3191 538 3258 detinerentur.
562 3193 679 3258 Notum
696 3189 739 3257 sit
752 3189 851 3277 igitur
865 3191 1009 3278 presenti
1033 3193 1237 3277 generrcjoni
1253 3200 1286 3259 et
1302 3194 1342 3276 ei,
1361 3211 1424 3276 que

176 3291 178 3298 ’
305 3307 445 3368 uentura
471 3305 531 3386 est,
556 3299 642 3384 quod
666 3319 751 3368 anno
776 3301 818 3366 ab
845 3300 1073 3366 incarnacione
1096 3302 1227 3368 Domini
1250 3299 1423 3370 millesimo

311 3410 486 3477 centesimo
510 3411 729 3494 octuagesimo
755 3411 871 3496 primo,
898 3414 1055 3494 regnante
1077 3409 1309 3494 gloriosissimo
1333 3409 1424 3494 Rege

310 3517 394 3584 Bela
410 3516 463 3606 pie
478 3517 717 3585 recordacionis
733 3517 834 3586 Geise
849 3517 947 3603 Regis
963 3515 1038 3602 filio,
1055 3517 1194 3584 Nicolao
1205 3516 1424 3602 strigoniensi

310 3625 475 3712 Episcopo
485 3627 655 3710 existente,
664 3625 815 3694 Johanne
833 3624 1241 3711 Besprimiensislieclesie
1251 3624 1425 3710 Episcopo,

312 3733 476 3800 Farkasio
500 3733 650 3800 Palatino
677 3733 809 3820 Gemite,
835 3733 993 3823 Dionysio
1017 3731 1169 3804 Baciensi
1194 3732 1329 3802 Gemite.
1353 3729 1426 3814 Ego

313 3839 523 3907 Fntocmurna
537 3839 653 3908 comer
669 3842 891 3926 religiosorum
907 3848 1036 3928 patrum
1052 3839 1192 3926 uestigia
1208 3844 1352 3919 secutus,
1368 3839 1426 3923 qui

312 3965 372 4032 pro
402 3947 546 4014 remedio
580 3947 761 4016 animarum
796 3968 926 4016 suarum
956 3949 996 4016 de
1027 3951 1094 4017 suis
1126 3949 1222 4017 bonis
1256 3945 1425 4014 Ecclesiae

314 4055 378 4124 Dei
407 4056 603 4142 ditaremur,
633 4057 780 4126 Ecclesie
812 4057 906 4125 Beati
945 4058 1089 4126 Maurioii
1120 4058 1160 4124 de
1190 4056 1249 4124 Bel
1278 4055 1427 4143 predium

317 4163 402 4244 qnod
432 4165 548 4233 dicitnr
577 4167 683 4232 Patara
713 4187 785 4235 cnm
815 4167 940 4235 duobus
973 4167 1090 4234 aratris
1121 4172 1154 4232 et
1183 4169 1321 4262 quatum
1338 4181 1426 4228 man·
1486 4167 1488 4172 '

315 4267 459 4344 sionibus
480 4294 560 4343 'oum
591 4275 666 4343 tiliis
691 4281 723 4342 et
752 4275 900 4359 filiabus,
926 4294 1057 4358 quorum
1073 4274 1204 4342 nomina
1233 4272 1295 4342 heo
1324 4275 1426 4345 suut:

315 4377 437 4465 Berges
482 4405 552 4452 oum
592 4383 658 4450 filio
697 4384 827 4451 nomine
868 4381 978 4450 Sudan
1019 4389 1053 4452 et
1090 4381 1158 4448 titia
1204 4381 1303 4465 Pita,
1352 4377 1427 4446 Som

196 4504 200 4513 ’
318 4513 388 4560 cum
419 4492 521 4558 tribus
550 4491 625 4560 filiis
654 4493 781 4576 Somos,
812 4492 885 4570 But,
918 4487 1060 4576 Quisid3
1093 4497 1243 4576 proterea
1269 4488 1330 4556 (iin
1353 4507 1427 4556 oum

319 4601 443 4698 duobus
458 4600 537 4694 filiis
552 4599 674 4686 Rouua,
690 4601 818 4692 Rogat,x
832 4603 866 4664 et
889 4617 962 4664 eum
987 4598 1087 4704 fratre
1112 4597 1191 4670 Rue.
1215 4593 1301 4664 Dedi
1326 4594 1428 4666 eciam
