<?xml version="1.0" encoding="UTF-8"?>
<!DOCTYPE html PUBLIC "-//W3C//DTD XHTML 1.0 Transitional//EN"
    "http://www.w3.org/TR/xhtml1/DTD/xhtml1-transitional.dtd">
<html xmlns="http://www.w3.org/1999/xhtml" xml:lang="en" lang="en">
 <head>
  <title>
</title>
<meta http-equiv="Content-Type" content="text/html;charset=utf-8" />
  <meta name='ocr-system' content='tesseract 3.04.00' />
  <meta name='ocr-capabilities' content='ocr_page ocr_carea ocr_par ocr_line ocrx_word'/>
</head>
<body>
  <div class='ocr_page' id='page_1' title='image "./codexdiplomatic20wenzgoog_0262.png"; bbox 0 0 3214 5066; ppageno 0'>
   <div class='ocr_carea' id='block_1_1' title="bbox 223 943 1252 1174">
    <p class='ocr_par' dir='ltr' id='par_1_1' title="bbox 223 943 1252 1174">
     <span class='ocr_line' id='line_1_1' title="bbox 223 943 1252 1037; baseline -0.004 -22"><span class='ocrx_word' id='word_1_1' title='bbox 223 947 270 1015; x_wconf 88' lang='grc' dir='ltr'><strong>ΙΙ.</strong></span> <span class='ocrx_word' id='word_1_2' title='bbox 284 947 389 1014; x_wconf 79' lang='lat' dir='ltr'><strong>Eodre</strong></span> <span class='ocrx_word' id='word_1_3' title='bbox 404 945 511 1037; x_wconf 73' lang='lat' dir='ltr'><strong>kirtly</strong></span> <span class='ocrx_word' id='word_1_4' title='bbox 527 945 788 1036; x_wconf 81' lang='lat' dir='ltr'><strong>opouoortllolori</strong></span> <span class='ocrx_word' id='word_1_5' title='bbox 803 945 1036 1012; x_wconf 63' lang='lat' dir='ltr'><strong>susat-marteri</strong></span> <span class='ocrx_word' id='word_1_6' title='bbox 1045 943 1252 1033; x_wconf 72' lang='lat' dir='ltr'><strong>fdupdtsdpot</strong></span> 
     </span>
     <span class='ocr_line' id='line_1_2' title="bbox 428 1054 1222 1174; baseline -0.005 -52"><span class='ocrx_word' id='word_1_7' title='bbox 428 1055 587 1144; x_wconf 68' lang='lat' dir='ltr'><strong>desporet</strong></span> <span class='ocrx_word' id='word_1_8' title='bbox 602 1056 833 1143; x_wconf 78' lang='lat' dir='ltr'><strong>odomdoyoaza</strong></span> <span class='ocrx_word' id='word_1_9' title='bbox 848 1075 923 1143; x_wconf 73' lang='lat' dir='ltr'><strong>saep.</strong></span> <span class='ocrx_word' id='word_1_10' title='bbox 948 1054 1046 1119; x_wconf 83' lang='lat'><strong><em>1225.</em></strong></span> <span class='ocrx_word' id='word_1_11' title='bbox 1089 1157 1091 1168; x_wconf 35' lang='grc' dir='ltr'>Ι</span> <span class='ocrx_word' id='word_1_12' title='bbox 1123 1165 1128 1174; x_wconf 27' lang='grc' dir='ltr'>Ι</span> <span class='ocrx_word' id='word_1_13' title='bbox 1219 1143 1222 1152; x_wconf 40' lang='lat'><em>‚</em></span> 
     </span>
    </p>
   </div>
   <div class='ocr_carea' id='block_1_2' title="bbox 170 1223 1294 4581">
    <p class='ocr_par' dir='ltr' id='par_1_2' title="bbox 170 1223 1294 4581">
     <span class='ocr_line' id='line_1_3' title="bbox 285 1223 1292 1319; baseline -0.005 -14"><span class='ocrx_word' id='word_1_14' title='bbox 285 1238 323 1305; x_wconf 90' lang='lat' dir='ltr'><strong>ln</strong></span> <span class='ocrx_word' id='word_1_15' title='bbox 338 1235 467 1304; x_wconf 87' lang='lat' dir='ltr'><strong>nomine</strong></span> <span class='ocrx_word' id='word_1_16' title='bbox 484 1235 605 1304; x_wconf 83' lang='lat' dir='ltr'><strong>Sarute</strong></span> <span class='ocrx_word' id='word_1_17' title='bbox 620 1232 800 1319; x_wconf 72' lang='lat' dir='ltr'><strong>Trinitatis,</strong></span> <span class='ocrx_word' id='word_1_18' title='bbox 818 1241 851 1302; x_wconf 90' lang='lat' dir='ltr'><strong>et</strong></span> <span class='ocrx_word' id='word_1_19' title='bbox 865 1231 1035 1316; x_wconf 84' lang='lat' dir='ltr'><strong>individue</strong></span> <span class='ocrx_word' id='word_1_20' title='bbox 1051 1223 1203 1303; x_wconf 84' lang='lat' dir='ltr'><strong>Unitatis.</strong></span> <span class='ocrx_word' id='word_1_21' title='bbox 1228 1233 1292 1300; x_wconf 83' lang='lat' dir='ltr'><strong>An·</strong></span> 
     </span>
     <span class='ocr_line' id='line_1_4' title="bbox 176 1341 1294 1432; baseline -0.002 -18"><span class='ocrx_word' id='word_1_22' title='bbox 176 1346 274 1414; x_wconf 88' lang='lat' dir='ltr'><strong>dreas</strong></span> <span class='ocrx_word' id='word_1_23' title='bbox 290 1344 353 1414; x_wconf 86' lang='lat' dir='ltr'><strong>Dei</strong></span> <span class='ocrx_word' id='word_1_24' title='bbox 368 1342 476 1432; x_wconf 81' lang='lat' dir='ltr'><strong>gratia</strong></span> <span class='ocrx_word' id='word_1_25' title='bbox 490 1342 678 1428; x_wconf 76' lang='lat' dir='ltr'><strong>Hungarie,</strong></span> <span class='ocrx_word' id='word_1_26' title='bbox 694 1341 887 1424; x_wconf 77' lang='lat' dir='ltr'><strong>Dalmatis,</strong></span> <span class='ocrx_word' id='word_1_27' title='bbox 903 1342 1073 1430; x_wconf 80' lang='lat' dir='ltr'><strong>Grohaoie,</strong></span> <span class='ocrx_word' id='word_1_28' title='bbox 1090 1344 1204 1428; x_wconf 85' lang='lat' dir='ltr'><strong>Reme,</strong></span> <span class='ocrx_word' id='word_1_29' title='bbox 1219 1343 1294 1412; x_wconf 83' lang='lat' dir='ltr'><strong>Ser·</strong></span> 
     </span>
     <span class='ocr_line' id='line_1_5' title="bbox 177 1452 1292 1540; baseline -0.004 -18"><span class='ocrx_word' id='word_1_30' title='bbox 177 1455 239 1540; x_wconf 86' lang='lat' dir='ltr'><strong>uie,</strong></span> <span class='ocrx_word' id='word_1_31' title='bbox 251 1454 388 1538; x_wconf 82' lang='lat' dir='ltr'><strong>Galieie,</strong></span> <span class='ocrx_word' id='word_1_32' title='bbox 399 1453 657 1537; x_wconf 87' lang='lat' dir='ltr'><strong>Lodomerieque</strong></span> <span class='ocrx_word' id='word_1_33' title='bbox 667 1453 736 1520; x_wconf 87' lang='lat' dir='ltr'><strong>Rex</strong></span> <span class='ocrx_word' id='word_1_34' title='bbox 752 1453 786 1518; x_wconf 92' lang='lat' dir='ltr'><strong>in</strong></span> <span class='ocrx_word' id='word_1_35' title='bbox 800 1459 1001 1537; x_wconf 88' lang='lat' dir='ltr'><strong>perpetuum.</strong></span> <span class='ocrx_word' id='word_1_36' title='bbox 1011 1452 1101 1520; x_wconf 89' lang='lat' dir='ltr'><strong>Inter</strong></span> <span class='ocrx_word' id='word_1_37' title='bbox 1114 1452 1292 1538; x_wconf 84' lang='lat' dir='ltr'><strong>universos,</strong></span> 
     </span>
     <span class='ocr_line' id='line_1_6' title="bbox 177 1559 1293 1650; baseline -0.002 -20"><span class='ocrx_word' id='word_1_38' title='bbox 177 1564 234 1648; x_wconf 88' lang='lat' dir='ltr'><strong>qui</strong></span> <span class='ocrx_word' id='word_1_39' title='bbox 248 1581 388 1650; x_wconf 80' lang='lat' dir='ltr'>superne</span> <span class='ocrx_word' id='word_1_40' title='bbox 405 1562 568 1647; x_wconf 83' lang='lat' dir='ltr'><strong>largitatis</strong></span> <span class='ocrx_word' id='word_1_41' title='bbox 584 1561 672 1630; x_wconf 85' lang='lat' dir='ltr'><strong>dona</strong></span> <span class='ocrx_word' id='word_1_42' title='bbox 685 1561 864 1650; x_wconf 77' lang='lat' dir='ltr'><strong>recipiunt,</strong></span> <span class='ocrx_word' id='word_1_43' title='bbox 887 1563 1022 1630; x_wconf 92' lang='lat' dir='ltr'><strong>multnm</strong></span> <span class='ocrx_word' id='word_1_44' title='bbox 1046 1563 1208 1650; x_wconf 82' lang='lat' dir='ltr'><strong>obligatur</strong></span> <span class='ocrx_word' id='word_1_45' title='bbox 1232 1559 1293 1629; x_wconf 85' lang='lat' dir='ltr'><strong>Re·</strong></span> 
     </span>
     <span class='ocr_line' id='line_1_7' title="bbox 176 1667 1292 1758; baseline -0.001 -21"><span class='ocrx_word' id='word_1_46' title='bbox 176 1691 252 1758; x_wconf 86' lang='lat' dir='ltr'><strong>gum</strong></span> <span class='ocrx_word' id='word_1_47' title='bbox 268 1669 472 1755; x_wconf 78' lang='lat' dir='ltr'><strong>sublimitas,</strong></span> <span class='ocrx_word' id='word_1_48' title='bbox 490 1671 607 1754; x_wconf 90' lang='lat' dir='ltr'><strong>quibus</strong></span> <span class='ocrx_word' id='word_1_49' title='bbox 624 1670 700 1754; x_wconf 89' lang='lat' dir='ltr'><strong>quia</strong></span> <span class='ocrx_word' id='word_1_50' title='bbox 714 1669 808 1756; x_wconf 90' lang='lat' dir='ltr'><strong>plura</strong></span> <span class='ocrx_word' id='word_1_51' title='bbox 817 1718 826 1753; x_wconf 93' lang='lat'><strong>,</strong></span> <span class='ocrx_word' id='word_1_52' title='bbox 848 1688 887 1736; x_wconf 85' lang='lat' dir='ltr'><strong>au</strong></span> <span class='ocrx_word' id='word_1_53' title='bbox 904 1669 1061 1756; x_wconf 77' lang='lat' dir='ltr'><strong>specialia</strong></span> <span class='ocrx_word' id='word_1_54' title='bbox 1075 1667 1229 1738; x_wconf 88' lang='lat' dir='ltr'><strong>donorum</strong></span> <span class='ocrx_word' id='word_1_55' title='bbox 1243 1668 1292 1736; x_wconf 88' lang='lat' dir='ltr'><strong>in-</strong></span> 
     </span>
     <span class='ocr_line' id='line_1_8' title="bbox 176 1776 1292 1870; baseline -0.002 -24"><span class='ocrx_word' id='word_1_56' title='bbox 176 1780 286 1864; x_wconf 85' lang='lat' dir='ltr'><strong>signia</strong></span> <span class='ocrx_word' id='word_1_57' title='bbox 309 1778 550 1847; x_wconf 78' lang='lat' dir='ltr'><strong>committuntur</strong></span> <span class='ocrx_word' id='word_1_58' title='bbox 559 1829 568 1864; x_wconf 98' lang='lat'><strong>,</strong></span> <span class='ocrx_word' id='word_1_59' title='bbox 593 1780 709 1848; x_wconf 89' lang='lat' dir='ltr'><strong>merito</strong></span> <span class='ocrx_word' id='word_1_60' title='bbox 726 1779 767 1844; x_wconf 93' lang='lat' dir='ltr'><strong>ob</strong></span> <span class='ocrx_word' id='word_1_61' title='bbox 784 1776 907 1846; x_wconf 90' lang='lat' dir='ltr'><strong>eisdem</strong></span> <span class='ocrx_word' id='word_1_62' title='bbox 922 1777 1017 1862; x_wconf 85' lang='lat' dir='ltr'><strong>plnre</strong></span> <span class='ocrx_word' id='word_1_63' title='bbox 1032 1777 1212 1870; x_wconf 84' lang='lat' dir='ltr'><strong>exiguntur.</strong></span> <span class='ocrx_word' id='word_1_64' title='bbox 1242 1776 1292 1844; x_wconf 85' lang='lat' dir='ltr'><strong>Ne</strong></span> 
     </span>
     <span class='ocr_line' id='line_1_9' title="bbox 175 1883 1292 1976; baseline -0.005 -20"><span class='ocrx_word' id='word_1_65' title='bbox 175 1887 274 1971; x_wconf 74' lang='lat' dir='ltr'><strong>igitur</strong></span> <span class='ocrx_word' id='word_1_66' title='bbox 288 1906 347 1974; x_wconf 94' lang='lat' dir='ltr'><strong>pro</strong></span> <span class='ocrx_word' id='word_1_67' title='bbox 361 1907 426 1954; x_wconf 92' lang='lat' dir='ltr'><strong>non</strong></span> <span class='ocrx_word' id='word_1_68' title='bbox 443 1892 653 1976; x_wconf 84' lang='lat' dir='ltr'><strong>augmentato</strong></span> <span class='ocrx_word' id='word_1_69' title='bbox 677 1883 843 1954; x_wconf 85' lang='lat' dir='ltr'><strong>uommissi</strong></span> <span class='ocrx_word' id='word_1_70' title='bbox 866 1885 980 1952; x_wconf 81' lang='lat' dir='ltr'><strong>talenti</strong></span> <span class='ocrx_word' id='word_1_71' title='bbox 998 1887 1088 1954; x_wconf 87' lang='lat' dir='ltr'><strong>luero</strong></span> <span class='ocrx_word' id='word_1_72' title='bbox 1108 1884 1292 1953; x_wconf 76' lang='lat' dir='ltr'><strong>inutilitatis</strong></span> 
     </span>
     <span class='ocr_line' id='line_1_10' title="bbox 175 1993 1292 2081; baseline 0 -19"><span class='ocrx_word' id='word_1_73' title='bbox 175 2015 360 2081; x_wconf 76' lang='lat' dir='ltr'><strong>arguamur,</strong></span> <span class='ocrx_word' id='word_1_74' title='bbox 376 1996 406 2064; x_wconf 89' lang='lat' dir='ltr'><strong>si</strong></span> <span class='ocrx_word' id='word_1_75' title='bbox 420 1995 579 2064; x_wconf 86' lang='lat' dir='ltr'><strong>Eoelesiis</strong></span> <span class='ocrx_word' id='word_1_76' title='bbox 594 1995 658 2062; x_wconf 90' lang='lat' dir='ltr'><strong>Dei</strong></span> <span class='ocrx_word' id='word_1_77' title='bbox 666 2043 676 2080; x_wconf 90' lang='lat'><strong>,</strong></span> <span class='ocrx_word' id='word_1_78' title='bbox 692 2001 726 2063; x_wconf 87' lang='lat' dir='ltr'><strong>et</strong></span> <span class='ocrx_word' id='word_1_79' title='bbox 739 1995 820 2062; x_wconf 86' lang='lat' dir='ltr'><strong>loeis</strong></span> <span class='ocrx_word' id='word_1_80' title='bbox 835 1993 954 2062; x_wconf 83' lang='lat' dir='ltr'><strong>Divino</strong></span> <span class='ocrx_word' id='word_1_81' title='bbox 972 1993 1072 2062; x_wconf 90' lang='lat' dir='ltr'><strong>oultui</strong></span> <span class='ocrx_word' id='word_1_82' title='bbox 1087 1993 1292 2080; x_wconf 77' lang='lat' dir='ltr'><strong>mancipatis,</strong></span> 
     </span>
     <span class='ocr_line' id='line_1_11' title="bbox 173 2101 1292 2188; baseline -0.004 -16"><span class='ocrx_word' id='word_1_83' title='bbox 173 2123 246 2172; x_wconf 88' lang='lat' dir='ltr'><strong>enm</strong></span> <span class='ocrx_word' id='word_1_84' title='bbox 261 2103 424 2188; x_wconf 88' lang='lat' dir='ltr'><strong>possimus</strong></span> <span class='ocrx_word' id='word_1_85' title='bbox 441 2111 474 2170; x_wconf 88' lang='lat' dir='ltr'><strong>ot</strong></span> <span class='ocrx_word' id='word_1_86' title='bbox 489 2110 677 2186; x_wconf 88' lang='lat' dir='ltr'><strong>teneamur,</strong></span> <span class='ocrx_word' id='word_1_87' title='bbox 693 2101 833 2170; x_wconf 86' lang='lat' dir='ltr'><strong>honores</strong></span> <span class='ocrx_word' id='word_1_88' title='bbox 849 2107 883 2168; x_wconf 88' lang='lat' dir='ltr'><strong>et</strong></span> <span class='ocrx_word' id='word_1_89' title='bbox 896 2101 1123 2186; x_wconf 87' lang='lat' dir='ltr'><strong>possessiones</strong></span> <span class='ocrx_word' id='word_1_90' title='bbox 1138 2120 1292 2188; x_wconf 79' lang='lat' dir='ltr'><strong>augmen·</strong></span> 
     </span>
     <span class='ocr_line' id='line_1_12' title="bbox 172 2209 1291 2299; baseline -0.002 -19"><span class='ocrx_word' id='word_1_91' title='bbox 172 2221 244 2281; x_wconf 88' lang='lat' dir='ltr'><strong>tare</strong></span> <span class='ocrx_word' id='word_1_92' title='bbox 268 2213 488 2297; x_wconf 74' lang='lat' dir='ltr'><strong>renuerimus,</strong></span> <span class='ocrx_word' id='word_1_93' title='bbox 512 2209 709 2279; x_wconf 85' lang='lat' dir='ltr'><strong>ldonasterio</strong></span> <span class='ocrx_word' id='word_1_94' title='bbox 733 2209 829 2284; x_wconf 86' lang='lat' dir='ltr'><strong>Beati</strong></span> <span class='ocrx_word' id='word_1_95' title='bbox 852 2209 984 2299; x_wconf 86' lang='lat' dir='ltr'><strong>Martini</strong></span> <span class='ocrx_word' id='word_1_96' title='bbox 1000 2211 1041 2278; x_wconf 89' lang='lat' dir='ltr'><strong>de</strong></span> <span class='ocrx_word' id='word_1_97' title='bbox 1056 2209 1157 2278; x_wconf 84' lang='lat' dir='ltr'><strong>Sacro</strong></span> <span class='ocrx_word' id='word_1_98' title='bbox 1182 2209 1291 2278; x_wconf 78' lang='lat' dir='ltr'><strong>Monte</strong></span> 
     </span>
     <span class='ocr_line' id='line_1_13' title="bbox 175 2317 1292 2407; baseline -0.002 -19"><span class='ocrx_word' id='word_1_99' title='bbox 175 2321 346 2388; x_wconf 84' lang='lat' dir='ltr'><strong>Pannonio</strong></span> <span class='ocrx_word' id='word_1_100' title='bbox 355 2371 364 2407; x_wconf 98' lang='lat'><strong>,</strong></span> <span class='ocrx_word' id='word_1_101' title='bbox 381 2319 467 2405; x_wconf 88' lang='lat' dir='ltr'><strong>qnod</strong></span> <span class='ocrx_word' id='word_1_102' title='bbox 482 2319 607 2406; x_wconf 78' lang='lat' dir='ltr'><strong>pridem</strong></span> <span class='ocrx_word' id='word_1_103' title='bbox 623 2319 841 2404; x_wconf 78' lang='lat' dir='ltr'><strong>combustum,</strong></span> <span class='ocrx_word' id='word_1_104' title='bbox 868 2325 901 2386; x_wconf 88' lang='lat' dir='ltr'><strong>et</strong></span> <span class='ocrx_word' id='word_1_105' title='bbox 924 2318 1069 2386; x_wconf 83' lang='lat' dir='ltr'><strong>funditus</strong></span> <span class='ocrx_word' id='word_1_106' title='bbox 1084 2317 1292 2405; x_wconf 77' lang='lat' dir='ltr'><strong>destructum,</strong></span> 
     </span>
     <span class='ocr_line' id='line_1_14' title="bbox 175 2425 1289 2516; baseline -0.004 -18"><span class='ocrx_word' id='word_1_107' title='bbox 175 2437 208 2498; x_wconf 87' lang='lat' dir='ltr'><strong>et</strong></span> <span class='ocrx_word' id='word_1_108' title='bbox 222 2429 381 2516; x_wconf 77' lang='lat' dir='ltr'><strong>perlitos</strong></span> <span class='ocrx_word' id='word_1_109' title='bbox 397 2429 560 2496; x_wconf 82' lang='lat' dir='ltr'><strong>Abbatem</strong></span> <span class='ocrx_word' id='word_1_110' title='bbox 575 2447 674 2514; x_wconf 85' lang='lat' dir='ltr'><strong>opere</strong></span> <span class='ocrx_word' id='word_1_111' title='bbox 689 2425 849 2494; x_wconf 84' lang='lat' dir='ltr'><strong>laudabili</strong></span> <span class='ocrx_word' id='word_1_112' title='bbox 863 2426 1084 2495; x_wconf 85' lang='lat' dir='ltr'><strong>roediiiontnm</strong></span> <span class='ocrx_word' id='word_1_113' title='bbox 1102 2435 1168 2513; x_wconf 92' lang='lat' dir='ltr'><strong>est,</strong></span> <span class='ocrx_word' id='word_1_114' title='bbox 1183 2428 1218 2496; x_wconf 92' lang='lat' dir='ltr'><strong>iu</strong></span> <span class='ocrx_word' id='word_1_115' title='bbox 1234 2425 1289 2494; x_wconf 87' lang='lat' dir='ltr'><strong>dis</strong></span> 
     </span>
     <span class='ocr_line' id='line_1_15' title="bbox 176 2535 1290 2624; baseline 0.003 -21"><span class='ocrx_word' id='word_1_116' title='bbox 176 2537 429 2606; x_wconf 76' lang='lat' dir='ltr'><strong>consecrationis</strong></span> <span class='ocrx_word' id='word_1_117' title='bbox 459 2537 551 2623; x_wconf 90' lang='lat' dir='ltr'><strong>ejus,</strong></span> <span class='ocrx_word' id='word_1_118' title='bbox 577 2538 629 2604; x_wconf 86' lang='lat' dir='ltr'><strong>eui</strong></span> <span class='ocrx_word' id='word_1_119' title='bbox 652 2555 723 2604; x_wconf 89' lang='lat' dir='ltr'><strong>enm</strong></span> <span class='ocrx_word' id='word_1_120' title='bbox 738 2535 878 2624; x_wconf 75' lang='lat' dir='ltr'><strong>conjuge</strong></span> <span class='ocrx_word' id='word_1_121' title='bbox 893 2543 1024 2621; x_wconf 87' lang='lat' dir='ltr'><strong>nostra,</strong></span> <span class='ocrx_word' id='word_1_122' title='bbox 1050 2537 1220 2624; x_wconf 85' lang='lat' dir='ltr'><strong>siestjure</strong></span> <span class='ocrx_word' id='word_1_123' title='bbox 1233 2558 1290 2624; x_wconf 89' lang='lat' dir='ltr'><strong>pa-</strong></span> 
     </span>
     <span class='ocr_line' id='line_1_16' title="bbox 175 2642 1289 2730; baseline -0.003 -17"><span class='ocrx_word' id='word_1_124' title='bbox 175 2653 325 2714; x_wconf 87' lang='lat' dir='ltr'><strong>tronatus</strong></span> <span class='ocrx_word' id='word_1_125' title='bbox 339 2663 400 2712; x_wconf 89' lang='lat' dir='ltr'><strong>uos</strong></span> <span class='ocrx_word' id='word_1_126' title='bbox 415 2643 641 2730; x_wconf 80' lang='lat' dir='ltr'><strong>contingebat,</strong></span> <span class='ocrx_word' id='word_1_127' title='bbox 667 2651 701 2712; x_wconf 89' lang='lat' dir='ltr'><strong>et</strong></span> <span class='ocrx_word' id='word_1_128' title='bbox 721 2643 831 2711; x_wconf 91' lang='lat' dir='ltr'><strong>multis</strong></span> <span class='ocrx_word' id='word_1_129' title='bbox 845 2642 951 2728; x_wconf 82' lang='lat' dir='ltr'><strong>Regni</strong></span> <span class='ocrx_word' id='word_1_130' title='bbox 966 2643 1068 2710; x_wconf 90' lang='lat' dir='ltr'><strong>nostri</strong></span> <span class='ocrx_word' id='word_1_131' title='bbox 1083 2644 1289 2730; x_wconf 78' lang='lat' dir='ltr'><strong>Magnetibus</strong></span> 
     </span>
     <span class='ocr_line' id='line_1_17' title="bbox 175 2750 1289 2850; baseline 0.002 -30"><span class='ocrx_word' id='word_1_132' title='bbox 175 2753 388 2838; x_wconf 82' lang='lat' dir='ltr'><strong>interfuimus,</strong></span> <span class='ocrx_word' id='word_1_133' title='bbox 403 2753 447 2820; x_wconf 89' lang='lat' dir='ltr'><strong>ad</strong></span> <span class='ocrx_word' id='word_1_134' title='bbox 462 2753 581 2820; x_wconf 89' lang='lat' dir='ltr'><strong>nullius</strong></span> <span class='ocrx_word' id='word_1_135' title='bbox 597 2752 785 2840; x_wconf 88' lang='lat' dir='ltr'><strong>petitionem</strong></span> <span class='ocrx_word' id='word_1_136' title='bbox 793 2799 803 2835; x_wconf 93' lang='lat'><strong>,</strong></span> <span class='ocrx_word' id='word_1_137' title='bbox 829 2753 888 2821; x_wconf 86' lang='lat' dir='ltr'><strong>sed</strong></span> <span class='ocrx_word' id='word_1_138' title='bbox 912 2752 983 2850; x_wconf 81' lang='lat' dir='ltr'><strong>solo</strong></span> <span class='ocrx_word' id='word_1_139' title='bbox 1003 2750 1066 2821; x_wconf 87' lang='lat' dir='ltr'><strong>Dei</strong></span> <span class='ocrx_word' id='word_1_140' title='bbox 1082 2758 1160 2820; x_wconf 88' lang='lat' dir='ltr'><strong>nutu</strong></span> <span class='ocrx_word' id='word_1_141' title='bbox 1175 2773 1289 2840; x_wconf 86' lang='lat' dir='ltr'><strong>prouo-</strong></span> 
     </span>
     <span class='ocr_line' id='line_1_18' title="bbox 175 2859 1287 2945; baseline 0.002 -16"><span class='ocrx_word' id='word_1_142' title='bbox 175 2863 259 2945; x_wconf 81' lang='lat' dir='ltr'><strong>cati,</strong></span> <span class='ocrx_word' id='word_1_143' title='bbox 285 2869 353 2930; x_wconf 89' lang='lat' dir='ltr'><strong>turn</strong></span> <span class='ocrx_word' id='word_1_144' title='bbox 377 2862 418 2929; x_wconf 90' lang='lat' dir='ltr'><strong>ob</strong></span> <span class='ocrx_word' id='word_1_145' title='bbox 442 2861 621 2929; x_wconf 90' lang='lat' dir='ltr'><strong>remedium</strong></span> <span class='ocrx_word' id='word_1_146' title='bbox 644 2860 752 2929; x_wconf 85' lang='lat' dir='ltr'><strong>anime</strong></span> <span class='ocrx_word' id='word_1_147' title='bbox 776 2865 904 2944; x_wconf 88' lang='lat' dir='ltr'><strong>nostre,</strong></span> <span class='ocrx_word' id='word_1_148' title='bbox 931 2865 998 2926; x_wconf 92' lang='lat' dir='ltr'><strong>tnm</strong></span> <span class='ocrx_word' id='word_1_149' title='bbox 1023 2859 1100 2945; x_wconf 77' lang='lat' dir='ltr'><strong>quio</strong></span> <span class='ocrx_word' id='word_1_150' title='bbox 1123 2871 1287 2931; x_wconf 82' lang='lat' dir='ltr'><strong>monaste·</strong></span> 
     </span>
     <span class='ocr_line' id='line_1_19' title="bbox 174 2969 1290 3056; baseline 0.005 -20"><span class='ocrx_word' id='word_1_151' title='bbox 174 2969 256 3036; x_wconf 91' lang='lat' dir='ltr'><strong>rium</strong></span> <span class='ocrx_word' id='word_1_152' title='bbox 281 2969 402 3042; x_wconf 84' lang='lat' dir='ltr'><strong>dietum</strong></span> <span class='ocrx_word' id='word_1_153' title='bbox 416 2971 510 3038; x_wconf 87' lang='lat' dir='ltr'><strong>nobis</strong></span> <span class='ocrx_word' id='word_1_154' title='bbox 527 2976 560 3037; x_wconf 92' lang='lat' dir='ltr'><strong>et</strong></span> <span class='ocrx_word' id='word_1_155' title='bbox 575 2969 707 3056; x_wconf 79' lang='lat' dir='ltr'><strong>conjugi</strong></span> <span class='ocrx_word' id='word_1_156' title='bbox 731 2975 841 3037; x_wconf 86' lang='lat' dir='ltr'><strong>nostre</strong></span> <span class='ocrx_word' id='word_1_157' title='bbox 866 2976 899 3038; x_wconf 87' lang='lat' dir='ltr'><strong>et</strong></span> <span class='ocrx_word' id='word_1_158' title='bbox 925 2969 1000 3036; x_wconf 83' lang='lat' dir='ltr'><strong>eliis</strong></span> <span class='ocrx_word' id='word_1_159' title='bbox 1023 2970 1232 3056; x_wconf 82' lang='lat' dir='ltr'><strong>magnatibus</strong></span> <span class='ocrx_word' id='word_1_160' title='bbox 1256 2979 1290 3042; x_wconf 89' lang='lat' dir='ltr'><strong>ot</strong></span> 
     </span>
     <span class='ocr_line' id='line_1_20' title="bbox 173 3067 1289 3176; baseline 0.002 -28"><span class='ocrx_word' id='word_1_161' title='bbox 173 3080 387 3150; x_wconf 85' lang='lat' dir='ltr'><strong>nobilioribus</strong></span> <span class='ocrx_word' id='word_1_162' title='bbox 402 3081 522 3149; x_wconf 88' lang='lat' dir='ltr'><strong>nostris</strong></span> <span class='ocrx_word' id='word_1_163' title='bbox 536 3081 695 3150; x_wconf 81' lang='lat' dir='ltr'><strong>maximas</strong></span> <span class='ocrx_word' id='word_1_164' title='bbox 711 3067 874 3169; x_wconf 84' lang='lat' dir='ltr'><strong>expensas</strong></span> <span class='ocrx_word' id='word_1_165' title='bbox 890 3081 1077 3176; x_wconf 19' lang='lat' dir='ltr'><strong>etthonoros</strong></span> <span class='ocrx_word' id='word_1_166' title='bbox 1102 3081 1196 3168; x_wconf 75' lang='lat' dir='ltr'><strong>feeit,</strong></span> <span class='ocrx_word' id='word_1_167' title='bbox 1220 3089 1289 3153; x_wconf 89' lang='lat' dir='ltr'><strong>tum</strong></span> 
     </span>
     <span class='ocr_line' id='line_1_21' title="bbox 174 3187 1286 3276; baseline 0.004 -22"><span class='ocrx_word' id='word_1_168' title='bbox 174 3191 251 3274; x_wconf 85' lang='lat' dir='ltr'><strong>qnia</strong></span> <span class='ocrx_word' id='word_1_169' title='bbox 266 3189 355 3257; x_wconf 86' lang='lat' dir='ltr'><strong>raeio</strong></span> <span class='ocrx_word' id='word_1_170' title='bbox 366 3188 459 3276; x_wconf 86' lang='lat' dir='ltr'><strong>juris,</strong></span> <span class='ocrx_word' id='word_1_171' title='bbox 475 3197 508 3258; x_wconf 88' lang='lat' dir='ltr'><strong>et</strong></span> <span class='ocrx_word' id='word_1_172' title='bbox 524 3189 677 3273; x_wconf 76' lang='lat' dir='ltr'><strong>equitatis</strong></span> <span class='ocrx_word' id='word_1_173' title='bbox 694 3189 807 3276; x_wconf 80' lang='lat' dir='ltr'><strong>exigit,</strong></span> <span class='ocrx_word' id='word_1_174' title='bbox 825 3195 859 3257; x_wconf 87' lang='lat' dir='ltr'><strong>et</strong></span> <span class='ocrx_word' id='word_1_175' title='bbox 873 3189 917 3257; x_wconf 84' lang='lat' dir='ltr'><strong>sd</strong></span> <span class='ocrx_word' id='word_1_176' title='bbox 932 3189 1071 3256; x_wconf 79' lang='lat' dir='ltr'><strong>offitium</strong></span> <span class='ocrx_word' id='word_1_177' title='bbox 1080 3187 1224 3258; x_wconf 89' lang='lat' dir='ltr'><strong>debitum</strong></span> <span class='ocrx_word' id='word_1_178' title='bbox 1237 3191 1286 3258; x_wconf 92' lang='lat' dir='ltr'><strong>in·</strong></span> 
     </span>
     <span class='ocr_line' id='line_1_22' title="bbox 174 3285 1289 3390; baseline 0.003 -27"><span class='ocrx_word' id='word_1_179' title='bbox 174 3285 296 3365; x_wconf 82' lang='lat' dir='ltr'><strong>eumbit</strong></span> <span class='ocrx_word' id='word_1_180' title='bbox 309 3298 455 3390; x_wconf 82' lang='lat' dir='ltr'><strong>patronis</strong></span> <span class='ocrx_word' id='word_1_181' title='bbox 467 3297 502 3364; x_wconf 94' lang='lat' dir='ltr'><strong>in</strong></span> <span class='ocrx_word' id='word_1_182' title='bbox 517 3297 760 3366; x_wconf 78' lang='lat' dir='ltr'><strong>consecratione</strong></span> <span class='ocrx_word' id='word_1_183' title='bbox 785 3298 982 3365; x_wconf 75' lang='lat' dir='ltr'><strong>monasterie</strong></span> <span class='ocrx_word' id='word_1_184' title='bbox 1006 3297 1140 3382; x_wconf 78' lang='lat' dir='ltr'><strong>dotare,</strong></span> <span class='ocrx_word' id='word_1_185' title='bbox 1165 3304 1198 3366; x_wconf 90' lang='lat' dir='ltr'><strong>et</strong></span> <span class='ocrx_word' id='word_1_186' title='bbox 1221 3315 1289 3366; x_wconf 81' lang='lat' dir='ltr'><strong>ma·</strong></span> 
     </span>
     <span class='ocr_line' id='line_1_23' title="bbox 173 3403 1288 3499; baseline 0.003 -27"><span class='ocrx_word' id='word_1_187' title='bbox 173 3405 261 3473; x_wconf 83' lang='lat' dir='ltr'><strong>xime</strong></span> <span class='ocrx_word' id='word_1_188' title='bbox 272 3457 281 3491; x_wconf 96' lang='lat'><strong>,</strong></span> <span class='ocrx_word' id='word_1_189' title='bbox 308 3426 380 3472; x_wconf 90' lang='lat' dir='ltr'><strong>eum</strong></span> <span class='ocrx_word' id='word_1_190' title='bbox 403 3425 464 3474; x_wconf 93' lang='lat' dir='ltr'><strong>nos</strong></span> <span class='ocrx_word' id='word_1_191' title='bbox 488 3403 532 3474; x_wconf 90' lang='lat' dir='ltr'><strong>ad</strong></span> <span class='ocrx_word' id='word_1_192' title='bbox 552 3406 833 3499; x_wconf 81' lang='lat' dir='ltr'><strong>reedifioaeionem</strong></span> <span class='ocrx_word' id='word_1_193' title='bbox 849 3403 937 3473; x_wconf 89' lang='lat' dir='ltr'><strong>illius</strong></span> <span class='ocrx_word' id='word_1_194' title='bbox 950 3403 1138 3474; x_wconf 83' lang='lat' dir='ltr'><strong>monosterii</strong></span> <span class='ocrx_word' id='word_1_195' title='bbox 1153 3405 1187 3472; x_wconf 92' lang='lat' dir='ltr'><strong>in</strong></span> <span class='ocrx_word' id='word_1_196' title='bbox 1202 3407 1288 3475; x_wconf 94' lang='lat' dir='ltr'><strong>nullo</strong></span> 
     </span>
     <span class='ocr_line' id='line_1_24' title="bbox 171 3513 1288 3602; baseline 0.004 -22"><span class='ocrx_word' id='word_1_197' title='bbox 171 3513 369 3598; x_wconf 75' lang='lat' dir='ltr'><strong>iuuissemus</strong></span> <span class='ocrx_word' id='word_1_198' title='bbox 392 3513 571 3602; x_wconf 77' lang='lat' dir='ltr'><strong>Abbstem5</strong></span> <span class='ocrx_word' id='word_1_199' title='bbox 595 3515 730 3602; x_wconf 79' lang='lat' dir='ltr'><strong>triginta</strong></span> <span class='ocrx_word' id='word_1_200' title='bbox 753 3515 939 3584; x_wconf 83' lang='lat' dir='ltr'><strong>mensiones</strong></span> <span class='ocrx_word' id='word_1_201' title='bbox 962 3514 1209 3584; x_wconf 73' lang='lat' dir='ltr'><strong>uduornicorum</strong></span> <span class='ocrx_word' id='word_1_202' title='bbox 1232 3535 1288 3584; x_wconf 90' lang='lat' dir='ltr'><strong>no-</strong></span> 
     </span>
     <span class='ocr_line' id='line_1_25' title="bbox 173 3623 1287 3710; baseline 0.004 -20"><span class='ocrx_word' id='word_1_203' title='bbox 173 3631 314 3692; x_wconf 85' lang='lat' dir='ltr'><strong>strornm</strong></span> <span class='ocrx_word' id='word_1_204' title='bbox 329 3642 399 3690; x_wconf 87' lang='lat' dir='ltr'><strong>eum</strong></span> <span class='ocrx_word' id='word_1_205' title='bbox 414 3630 485 3694; x_wconf 83' lang='lat' dir='ltr'><strong>tota</strong></span> <span class='ocrx_word' id='word_1_206' title='bbox 499 3631 588 3692; x_wconf 85' lang='lat' dir='ltr'><strong>terro</strong></span> <span class='ocrx_word' id='word_1_207' title='bbox 603 3644 675 3710; x_wconf 86' lang='lat' dir='ltr'><strong>sua,</strong></span> <span class='ocrx_word' id='word_1_208' title='bbox 691 3624 804 3710; x_wconf 84' lang='lat' dir='ltr'><strong>quovis</strong></span> <span class='ocrx_word' id='word_1_209' title='bbox 820 3624 891 3692; x_wconf 85' lang='lat' dir='ltr'><strong>loeo</strong></span> <span class='ocrx_word' id='word_1_210' title='bbox 906 3624 1013 3710; x_wconf 85' lang='lat' dir='ltr'><strong>magis</strong></span> <span class='ocrx_word' id='word_1_211' title='bbox 1027 3623 1161 3694; x_wconf 88' lang='lat' dir='ltr'><strong>utilitati</strong></span> <span class='ocrx_word' id='word_1_212' title='bbox 1175 3623 1287 3694; x_wconf 76' lang='lat' dir='ltr'><strong>Euole-</strong></span> 
     </span>
     <span class='ocr_line' id='line_1_26' title="bbox 172 3731 1283 3822; baseline 0 -22"><span class='ocrx_word' id='word_1_213' title='bbox 172 3733 221 3800; x_wconf 90' lang='lat' dir='ltr'><strong>sie</strong></span> <span class='ocrx_word' id='word_1_214' title='bbox 236 3738 437 3818; x_wconf 75' lang='lat' dir='ltr'><strong>congrueret,</strong></span> <span class='ocrx_word' id='word_1_215' title='bbox 452 3731 586 3802; x_wconf 87' lang='lat' dir='ltr'><strong>firmiter</strong></span> <span class='ocrx_word' id='word_1_216' title='bbox 600 3731 680 3814; x_wconf 83' lang='lat' dir='ltr'><strong>dare</strong></span> <span class='ocrx_word' id='word_1_217' title='bbox 694 3733 907 3822; x_wconf 86' lang='lat' dir='ltr'><strong>promisimus.</strong></span> <span class='ocrx_word' id='word_1_218' title='bbox 937 3731 1006 3802; x_wconf 88' lang='lat' dir='ltr'><strong>Sed</strong></span> <span class='ocrx_word' id='word_1_219' title='bbox 1025 3733 1138 3804; x_wconf 85' lang='lat' dir='ltr'><strong>Abbas</strong></span> <span class='ocrx_word' id='word_1_220' title='bbox 1154 3741 1190 3803; x_wconf 82' lang='lat' dir='ltr'><strong>et&#39;</strong></span> <span class='ocrx_word' id='word_1_221' title='bbox 1202 3732 1283 3802; x_wconf 83' lang='lat' dir='ltr'><strong>tlon·</strong></span> 
     </span>
     <span class='ocr_line' id='line_1_27' title="bbox 171 3841 1285 3930; baseline 0.001 -22"><span class='ocrx_word' id='word_1_222' title='bbox 171 3847 290 3910; x_wconf 82' lang='lat' dir='ltr'><strong>uentus</strong></span> <span class='ocrx_word' id='word_1_223' title='bbox 305 3859 342 3909; x_wconf 84' lang='lat' dir='ltr'><strong>re</strong></span> <span class='ocrx_word' id='word_1_224' title='bbox 356 3841 500 3928; x_wconf 87' lang='lat' dir='ltr'><strong>piseibus</strong></span> <span class='ocrx_word' id='word_1_225' title='bbox 516 3861 574 3930; x_wconf 88' lang='lat' dir='ltr'><strong>pro</strong></span> <span class='ocrx_word' id='word_1_226' title='bbox 589 3841 705 3912; x_wconf 83' lang='lat' dir='ltr'><strong>ceteris</strong></span> <span class='ocrx_word' id='word_1_227' title='bbox 719 3841 867 3928; x_wconf 79' lang='lat' dir='ltr'><strong>indigere</strong></span> <span class='ocrx_word' id='word_1_228' title='bbox 882 3841 1048 3927; x_wconf 86' lang='lat' dir='ltr'><strong>dieentes,</strong></span> <span class='ocrx_word' id='word_1_229' title='bbox 1063 3841 1234 3926; x_wconf 87' lang='lat' dir='ltr'><strong>humiliter,</strong></span> <span class='ocrx_word' id='word_1_230' title='bbox 1251 3847 1285 3912; x_wconf 87' lang='lat' dir='ltr'><strong>et</strong></span> 
     </span>
     <span class='ocr_line' id='line_1_28' title="bbox 171 3949 1284 4046; baseline 0.004 -31"><span class='ocrx_word' id='word_1_231' title='bbox 171 3949 311 4018; x_wconf 81' lang='lat' dir='ltr'><strong>subnixa</strong></span> <span class='ocrx_word' id='word_1_232' title='bbox 323 3967 421 4037; x_wconf 85' lang='lat' dir='ltr'><strong>preee</strong></span> <span class='ocrx_word' id='word_1_233' title='bbox 436 3949 639 4046; x_wconf 85' lang='lat' dir='ltr'><strong>institerunt,</strong></span> <span class='ocrx_word' id='word_1_234' title='bbox 659 3957 694 4018; x_wconf 89' lang='lat' dir='ltr'><strong>nt</strong></span> <span class='ocrx_word' id='word_1_235' title='bbox 706 3971 766 4020; x_wconf 88' lang='lat' dir='ltr'><strong>nos</strong></span> <span class='ocrx_word' id='word_1_236' title='bbox 783 3951 946 4036; x_wconf 81' lang='lat' dir='ltr'><strong>quandam</strong></span> <span class='ocrx_word' id='word_1_237' title='bbox 961 3960 1081 4021; x_wconf 83' lang='lat' dir='ltr'><strong>terram</strong></span> <span class='ocrx_word' id='word_1_238' title='bbox 1096 3949 1284 4022; x_wconf 77' lang='lat' dir='ltr'><strong>uduornico-</strong></span> 
     </span>
     <span class='ocr_line' id='line_1_29' title="bbox 170 4056 1283 4148; baseline -0.002 -20"><span class='ocrx_word' id='word_1_239' title='bbox 170 4077 242 4128; x_wconf 86' lang='lat' dir='ltr'><strong>rum</strong></span> <span class='ocrx_word' id='word_1_240' title='bbox 255 4065 439 4127; x_wconf 87' lang='lat' dir='ltr'><strong>nostrorum</strong></span> <span class='ocrx_word' id='word_1_241' title='bbox 453 4077 556 4146; x_wconf 85' lang='lat' dir='ltr'><strong>penes</strong></span> <span class='ocrx_word' id='word_1_242' title='bbox 570 4056 756 4128; x_wconf 77' lang='lat' dir='ltr'><strong>Danubium</strong></span> <span class='ocrx_word' id='word_1_243' title='bbox 770 4060 885 4146; x_wconf 83' lang='lat' dir='ltr'><strong>sitam,</strong></span> <span class='ocrx_word' id='word_1_244' title='bbox 909 4059 1033 4130; x_wconf 87' lang='lat' dir='ltr'><strong>soilieet</strong></span> <span class='ocrx_word' id='word_1_245' title='bbox 1048 4059 1161 4129; x_wconf 80' lang='lat' dir='ltr'><strong>villam</strong></span> <span class='ocrx_word' id='word_1_246' title='bbox 1175 4059 1283 4148; x_wconf 77' lang='lat' dir='ltr'><strong>Gyun,</strong></span> 
     </span>
     <span class='ocr_line' id='line_1_30' title="bbox 172 4163 1282 4257; baseline 0 -22"><span class='ocrx_word' id='word_1_247' title='bbox 172 4185 237 4252; x_wconf 90' lang='lat' dir='ltr'><strong>que</strong></span> <span class='ocrx_word' id='word_1_248' title='bbox 252 4163 373 4236; x_wconf 83' lang='lat' dir='ltr'><strong>dietum</strong></span> <span class='ocrx_word' id='word_1_249' title='bbox 387 4167 617 4238; x_wconf 84' lang='lat' dir='ltr'><strong>monasterinm</strong></span> <span class='ocrx_word' id='word_1_250' title='bbox 631 4168 666 4236; x_wconf 92' lang='lat' dir='ltr'><strong>in</strong></span> <span class='ocrx_word' id='word_1_251' title='bbox 680 4169 786 4239; x_wconf 87' lang='lat' dir='ltr'><strong>teroia</strong></span> <span class='ocrx_word' id='word_1_252' title='bbox 799 4175 894 4257; x_wconf 87' lang='lat' dir='ltr'><strong>parte</strong></span> <span class='ocrx_word' id='word_1_253' title='bbox 910 4168 1127 4256; x_wconf 73' lang='lat' dir='ltr'><strong>contingebat,</strong></span> <span class='ocrx_word' id='word_1_254' title='bbox 1143 4167 1178 4238; x_wconf 88' lang='lat' dir='ltr'><strong>iu</strong></span> <span class='ocrx_word' id='word_1_255' title='bbox 1193 4167 1282 4238; x_wconf 90' lang='lat' dir='ltr'><strong>omui</strong></span> 
     </span>
     <span class='ocr_line' id='line_1_31' title="bbox 173 4273 1283 4368; baseline 0.005 -27"><span class='ocrx_word' id='word_1_256' title='bbox 173 4275 322 4368; x_wconf 73' lang='lat' dir='ltr'><strong>portione</strong></span> <span class='ocrx_word' id='word_1_257' title='bbox 331 4294 403 4344; x_wconf 89' lang='lat' dir='ltr'><strong>uum</strong></span> <span class='ocrx_word' id='word_1_258' title='bbox 412 4275 593 4362; x_wconf 88' lang='lat' dir='ltr'><strong>quindeoim</strong></span> <span class='ocrx_word' id='word_1_259' title='bbox 608 4276 831 4346; x_wconf 75' lang='lat' dir='ltr'><strong>mansionibus</strong></span> <span class='ocrx_word' id='word_1_260' title='bbox 842 4273 904 4365; x_wconf 88' lang='lat' dir='ltr'><strong>(ot)</strong></span> <span class='ocrx_word' id='word_1_261' title='bbox 919 4277 1034 4346; x_wconf 87' lang='lat' dir='ltr'><strong>ineolis</strong></span> <span class='ocrx_word' id='word_1_262' title='bbox 1044 4276 1191 4364; x_wconf 86' lang='lat' dir='ltr'><strong>ejusdem</strong></span> <span class='ocrx_word' id='word_1_263' title='bbox 1205 4277 1283 4346; x_wconf 83' lang='lat' dir='ltr'><strong>ville</strong></span> 
     </span>
     <span class='ocr_line' id='line_1_32' title="bbox 173 4381 1280 4473; baseline 0.002 -21"><span class='ocrx_word' id='word_1_264' title='bbox 173 4381 399 4470; x_wconf 74' lang='lat' dir='ltr'><strong>oouierremua,</strong></span> <span class='ocrx_word' id='word_1_265' title='bbox 418 4387 605 4472; x_wconf 85' lang='lat' dir='ltr'><strong>etreliquos</strong></span> <span class='ocrx_word' id='word_1_266' title='bbox 619 4386 833 4473; x_wconf 84' lang='lat' dir='ltr'><strong>uduornic-os,</strong></span> <span class='ocrx_word' id='word_1_267' title='bbox 860 4387 890 4454; x_wconf 92' lang='lat' dir='ltr'><strong>si</strong></span> <span class='ocrx_word' id='word_1_268' title='bbox 914 4385 969 4470; x_wconf 87' lang='lat' dir='ltr'><strong>qni</strong></span> <span class='ocrx_word' id='word_1_269' title='bbox 993 4393 1215 4469; x_wconf 85' lang='lat' dir='ltr'><strong>remanerent,</strong></span> <span class='ocrx_word' id='word_1_270' title='bbox 1239 4385 1280 4454; x_wconf 89' lang='lat' dir='ltr'><strong>de</strong></span> 
     </span>
     <span class='ocr_line' id='line_1_33' title="bbox 170 4491 1283 4581; baseline 0.007 -23"><span class='ocrx_word' id='word_1_271' title='bbox 170 4491 285 4560; x_wconf 80' lang='lat' dir='ltr'><strong>eadem</strong></span> <span class='ocrx_word' id='word_1_272' title='bbox 297 4494 378 4562; x_wconf 80' lang='lat' dir='ltr'><strong>villa</strong></span> <span class='ocrx_word' id='word_1_273' title='bbox 393 4496 477 4566; x_wconf 82' lang='lat' dir='ltr'><strong>alins</strong></span> <span class='ocrx_word' id='word_1_274' title='bbox 493 4497 662 4567; x_wconf 71' lang='lat' dir='ltr'><strong>transferri</strong></span> <span class='ocrx_word' id='word_1_275' title='bbox 676 4497 868 4581; x_wconf 77' lang='lat' dir='ltr'><strong>lateremus,</strong></span> <span class='ocrx_word' id='word_1_276' title='bbox 885 4501 920 4564; x_wconf 90' lang='lat' dir='ltr'><strong>ut</strong></span> <span class='ocrx_word' id='word_1_277' title='bbox 934 4495 1023 4566; x_wconf 88' lang='lat' dir='ltr'><strong>diota</strong></span> <span class='ocrx_word' id='word_1_278' title='bbox 1036 4503 1125 4566; x_wconf 87' lang='lat' dir='ltr'><strong>terra</strong></span> <span class='ocrx_word' id='word_1_279' title='bbox 1139 4499 1283 4568; x_wconf 84' lang='lat' dir='ltr'><strong>totaliter</strong></span> 
     </span>
    </p>
   </div>
   <div class='ocr_carea' id='block_1_3' title="bbox 170 4603 1287 4788">
    <p class='ocr_par' dir='ltr' id='par_1_3' title="bbox 170 4603 1287 4788">
     <span class='ocr_line' id='line_1_34' title="bbox 170 4603 1287 4694; baseline 0.007 -26"><span class='ocrx_word' id='word_1_280' title='bbox 170 4603 310 4672; x_wconf 86' lang='lat' dir='ltr'><strong>exeluaia</strong></span> <span class='ocrx_word' id='word_1_281' title='bbox 327 4607 514 4694; x_wconf 68' lang='lat' dir='ltr'><strong>uduorniois</strong></span> <span class='ocrx_word' id='word_1_282' title='bbox 528 4607 630 4679; x_wconf 86' lang='lat' dir='ltr'><strong>libere</strong></span> <span class='ocrx_word' id='word_1_283' title='bbox 643 4606 842 4680; x_wconf 82' lang='lat' dir='ltr'><strong>monasterio</strong></span> <span class='ocrx_word' id='word_1_284' title='bbox 858 4614 1040 4680; x_wconf 83' lang='lat' dir='ltr'><strong>remaneret</strong></span> <span class='ocrx_word' id='word_1_285' title='bbox 1054 4626 1125 4678; x_wconf 90' lang='lat' dir='ltr'><strong>oum</strong></span> <span class='ocrx_word' id='word_1_286' title='bbox 1139 4607 1287 4678; x_wconf 84' lang='lat' dir='ltr'><strong>omnibus</strong></span> 
     </span>
     <span class='ocr_line' id='line_1_35' title="bbox 222 4719 1131 4788; baseline 0.012 -12"><span class='ocrx_word' id='word_1_287' title='bbox 222 4725 713 4782; x_wconf 55' lang='lat' dir='ltr'><strong>normannorum-nurus.</strong></span> <span class='ocrx_word' id='word_1_288' title='bbox 1087 4719 1131 4788; x_wconf 85' lang='lat'><strong>14</strong></span> 
     </span>
    </p>
   </div>
   <div class='ocr_carea' id='block_1_4' title="bbox 0 0 1612 5066">
    <p class='ocr_par' dir='ltr' id='par_1_4' title="bbox 0 0 1612 5066">
     <span class='ocr_line' id='line_1_36' title="bbox 0 0 1612 5066; baseline 0 2"><span class='ocrx_word' id='word_1_289' title='bbox 0 0 1612 5066; x_wconf 95' lang='lat' dir='ltr'><strong> </strong></span> 
     </span>
    </p>
   </div>
  </div>
 </body>
</html>
