3214 5072
826 317 889 387 102

781 412 839 422 ——a-
845 417 878 422 --
886 411 939 424 nn·-

302 517 398 584 sibus.
425 517 461 583 Si
477 523 586 583 antem
602 515 704 601 aliqui
720 535 785 582 non
802 515 943 582 contenti
959 521 1068 582 essent
1092 521 1202 584 nostro
1223 517 1360 602 jndicio,
1388 520 1418 586 si

301 623 433 709 vellent,
449 624 670 708 Apostolicam
701 622 819 710 Sedens
834 625 1011 710 appellant
1035 623 1072 691 Si
1097 631 1206 690 autem
1222 630 1324 694 nostri
1340 647 1418 693 cau·

301 749 372 796 sam
388 752 460 799 cum
476 733 641 798 extraneis
657 731 788 816 habent,
807 738 839 798 et
855 738 905 798 est
919 731 1049 798 occasio
1059 733 1227 819 pecuniae,
1243 735 1295 802 vel
1312 733 1415 814 innuli,

301 840 354 904 vel
370 841 506 922 castelli,
524 839 575 906 vel
592 839 769 923 cujuslibet
790 839 849 923 rei,
865 839 918 906 uel
934 839 966 906 in
982 845 1070 905 terra
1086 841 1138 907 vel
1154 843 1293 927 pecunia
1318 843 1417 909 alicu-

298 947 354 1032 jus
372 948 516 1014 mulieris
541 956 652 1015 nostro
676 947 800 1046 homini
831 956 961 1033 nuptae,
993 967 1077 1032 quae
1107 949 1141 1014 in
1171 950 1292 1018 ditione
1323 971 1420 1037 paro·

263 1079 268 1088 ⁵
304 1052 412 1120 chitni
428 1055 594 1139 Episcopi,
610 1076 675 1122 non
691 1063 802 1120 nostra
817 1056 994 1122 constituta
1017 1057 1068 1138 sit,
1094 1056 1250 1124 mittimus
1263 1059 1318 1125 ‘ad
1343 1059 1421 1144 Epi-

303 1179 450 1246 scopum,
475 1168 510 1228 nt
541 1162 641 1230 faciat
671 1162 843 1247 justitiam.
875 1163 998 1229 Sinon
1023 1164 1166 1232 contenti
1191 1164 1343 1234 fuerimus
1364 1167 1418 1252 ju·

187 1298 195 1309 ·
304 1269 388 1336 dicio
404 1271 489 1353 quod
505 1269 627 1354 feccrit,
644 1269 867 1356 Apostolicam
886 1270 1004 1336 Sedens
1029 1271 1244 1355 appellamus.
1268 1270 1422 1357 Denique

305 1383 441 1460 excepto
466 1377 611 1443 Romano
636 1376 789 1445 Pontifice
814 1376 923 1444 nullus
949 1376 1150 1460 Patriarcha,
1176 1377 1284 1445 nullus
1309 1381 1421 1446 Archi·

273 1526 275 1530 -
305 1485 486 1571 episcopus,
502 1487 609 1552 nullus
625 1489 805 1574 Episcopus
822 1486 854 1552 iu
871 1486 988 1553 nostris
1013 1483 1179 1571 quidpiam
1199 1487 1284 1572 juris
1309 1486 1421 1571 hahet,

304 1594 368 1660 nisi
384 1593 466 1660 forte
481 1595 509 1661 si
525 1595 565 1661 de
582 1615 665 1662 novo
692 1595 733 1662 de
765 1593 946 1661 Paurochia
977 1590 1063 1680 (lgy)
1094 1595 1234 1680 alicujus
1264 1595 1423 1682 Episcopi

304 1703 432 1786 aliquae
449 1703 532 1770 tales
548 1722 600 1770 res
616 1705 710 1770 nobis
727 1703 955 1784 conferrentur,
973 1701 1027 1768 ubi
1051 1701 1235 1787 Episcopus
1259 1703 1312 1770 vel
1336 1702 1422 1771 deo'i·

304 1830 384 1895 mas,
401 1813 454 1878 rel
469 1813 594 1895 aliquid
605 1813 690 1896 juris
714 1813 804 1898 prius
827 1812 1020 1898 habuisset,
1049 1813 1135 1895 quod
1161 1813 1190 1877 ei
1214 1812 1335 1879 auferri
1359 1831 1422 1878 non

304 1927 425 2004 posset,
440 1941 501 1989 nec
517 1923 558 1989 de
570 1923 705 2007 justicia
722 1929 809 1990 esset
825 1923 960 1989 auferri.
972 1923 1021 1987 De
1037 1921 1295 1989 ordinationibus
1312 1929 1423 1988 autem

306 2034 339 2094 et
354 2031 661 2118 consecrationibus,
677 2038 709 2098 et
726 2031 917 2098 chrismatis
948 2036 981 2098 et
1011 2030 1074 2095 olei
1105 2031 1296 2116 acceptione
1326 2028 1424 2096 etde

306 2135 381 2206 aliis
396 2139 555 2224 rescripta
578 2140 826 2225 privilegiorum,
854 2157 940 2223 quae
964 2137 1057 2205 vobis
1083 2139 1229 2205 misimus
1255 2136 1424 2204 evidenter

306 2255 338 2313 et
354 2245 551 2314 sufficienter
567 2247 741 2314 affirmant.
766 2251 817 2315 Dc
833 2245 918 2314 festo
935 2267 1062 2332 quoque
1088 2245 1312 2314 translationis
1338 2245 1422 2312 cele-

307 2351 438 2436 brando,
471 2359 503 2418 et
527 2355 725 2440 Apostoliois
758 2355 1155 2440 excommunicationibus,
1186 2354 1357 2420 interdicto
1388 2359 1422 2418 et

308 2459 498 2545 quibusdam
513 2461 681 2528 miraculis
698 2462 741 2529 de
756 2483 889 2551 corpore
907 2463 1112 2531 sanctissimi
1132 2461 1235 2548 patris
1251 2437 1423 2528 Benedicti

308 2575 342 2634 et
357 2571 466 2636 sorore
482 2570 563 2654 eJus,
582 2579 737 2652 quantum
753 2573 871 2640 nuncio
893 2553 1150 2660 vestro'placuit,
1173 2591 1279 2658 pauca
1295 2571 1337 2638 de
1353 2569 1424 2656 plu·

308 2676 398 2744 ribus
414 2677 487 2744 scit.
511 2679 601 2744 Bene
617 2679 735 2747 valete.

699 2873 797 2942 (crept
813 2873 1024 2948 kezbataibtl).

734 3140 931 3149 -m--u—
935 3141 972 3148 --

844 3380 902 3446 tc.

313 3560 359 3626 Aa
383 3562 563 3646 eceterpami
585 3557 740 3646 tcptalcc
762 3559 958 3644 bizocysdpc‚
981 3558 1059 3644 hopy
1084 3581 1105 3620 a
1123 3557 1350 3644 parcnmidatmi
1370 3583 1426 3624 az.-

311 3671 446 3735 mo'rtooi
469 3673 500 3734 ds
523 3693 543 3731 a
566 3669 761 3755 somoppodri
782 3692 823 3734 az.
850 3667 956 3754 cpyeds'
980 3669 1152 3754 apdtscipolc
1175 3667 1259 3732 k'o'zte'
1289 3676 1425 3752 opportet·
1502 3703 1510 3710 -

409 3775 414 3783 ’
454 3776 592 3863 lcoeepeh
608 3779 792 3862 omdcedpos
806 3780 882 3841 econ
897 3775 1107 3863 epycctttettelc
1122 3776 1164 3840 lei.
1182 3777 1282 3840 1210.

415 3977 530 4042 Petrus
546 3973 731 4060 Propositus
747 3981 779 4040 et
794 3979 895 4040 totum
905 3971 1048 4038 eiusde'm
1064 3971 1126 4038 loci
1137 3974 1313 4058 capitulum
1330 3967 1427 4060 (Stri-

311 4079 482 4171 goniense)
499 4083 658 4168 omnibus,
674 4082 715 4148 ad
732 4101 811 4167 quos
829 4083 936 4148 littere
953 4082 1013 4148 iste
1029 4082 1244 4166 perueneriut,
1261 4083 1426 4149 orationes

315 4193 348 4260 in
367 4191 513 4258 Domino.
530 4189 752 4258 Inestimabile
768 4189 957 4256 beneficium
974 4195 1025 4254 est
1040 4189 1211 4256 obliuionis
1230 4189 1355 4256 nescire
1372 4190 1425 4257 do-

312 4299 441 4382 fectnm‚
466 4307 499 4366 et
525 4297 664 4382 quedam
689 4317 765 4364 nere
790 4296 966 4364 similitudo
992 4297 1171 4382 celestium,
1200 4305 1346 4383 tempore
1372 4297 1426 4364 de-

314 4425 411 4474 cursa
426 4407 546 4474 habere
562 4407 595 4471 in
620 4405 786 4474 memorie.
809 4408 927 4476 Verum
954 4405 1030 4490 quia
1055 4404 1166 4472 labilis
1191 4411 1242 4472 est
1264 4405 1428 4472 hominum

312 4516 478 4600 memoria,
495 4520 527 4581 et
542 4533 647 4581 rerum
664 4517 758 4583 turbe
773 4536 838 4583 non
855 4513 993 4601 suflicit,
1010 4516 1054 4582 ad
1071 4511 1250 4581 futurorum
1266 4514 1427 4581 cautelam

311 4621 452 4690 humana
467 4621 678 4708 prouidencia
693 4621 866 4708 adiuuenit,
885 4631 919 4690 nt
936 4641 976 4689 ea
993 4641 1056 4706 que
1071 4621 1156 4690 inter
1180 4621 1328 4688 homines
1354 4619 1425 4686 siue
