3222 5054
827 757 905 823 tos.

299 941 359 1007 IX.
376 937 511 1028 Geupsly
521 941 612 1027 popa
626 959 646 1000 a
664 935 828 1002 aduncati
844 939 979 1023 apdtsdp
998 937 1106 1025 jopas't
1131 938 1306 1021 mapardstti
1313 987 1323 1018 ,
1349 961 1365 1001 a
1388 957 1427 1000 aa

347 1050 456 1134 opacos
471 1053 503 1110 te
519 1067 540 1109 a
555 1043 703 1110 kolostort
715 1043 907 1132 portfopctso
923 1047 953 1108 έε
966 1044 1099 1110 oltolma
1111 1045 1168 1109 alo
1182 1047 1266 1110 acesi
1281 1047 1378 1112 1230.

407 1223 587 1311 Gregorius
603 1224 785 1311 Episcopus
804 1241 919 1290 seruus
941 1241 1105 1290 seruorum
1124 1223 1186 1290 Dei
1203 1225 1333 1292 dilectis
1349 1223 1425 1292 tiliis

300 1333 422 1402 Abbati
438 1333 628 1418 llouasterij
647 1333 761 1400 Sancti
776 1331 925 1397 Mauricii
943 1331 984 1406 ¹in
1008 1331 1119 1397 Bocon
1144 1332 1230 1400 silua
1245 1333 1426 1400 Pannonio-

303 1461 373 1508 rum
398 1441 471 1524 siti,
500 1443 636 1525 eiusque
652 1439 809 1508 iratribus
825 1447 892 1506 tam
907 1439 1115 1526 presentibus
1131 1459 1228 1524 quam
1245 1440 1360 1508 tuturis
1377 1461 1426 1506 re·

300 1549 447 1636 gularem
463 1549 566 1618 uitam
581 1547 742 1636 protessis
759 1547 791 1612 in
808 1555 1009 1634 perpetuum.
1036 1545 1236 1630 Religionum
1254 1549 1355 1614 uitam
1372 1551 1427 1616 eli·

301 1657 452 1740 gentibus
468 1657 693 1740 Apostolicum
711 1655 830 1722 adesse
847 1656 999 1723 conuenit
1014 1654 1204 1740 presidium,
1216 1675 1257 1721 ne
1274 1657 1357 1724 lortc
1374 1677 1427 1725 cu·

302 1765 438 1832 inslibst
452 1765 646 1832 temeritatis
662 1763 811 1832 incursus
827 1771 884 1830 aut
899 1783 956 1832 eos
971 1784 993 1830 a
1009 1763 1177 1850 proposito
1193 1774 1345 1858 reuocet,
1371 1773 1429 1840 aut

301 1873 417 1958 robur,
434 1871 524 1956 quod
540 1871 637 1955 absit,
654 1890 749 1938 sacro
765 1869 935 1954 religionis
950 1870 1119 1954 infringat.
1145 1865 1363 1958 Quapropter,
1381 1874 1429 1942 di-

302 1980 378 2048 lecti
395 1981 428 2046 in
445 1981 583 2048 Domino
600 1977 658 2064 filij
668 2029 679 2065 ,
705 1982 825 2050 uestris
851 1979 946 2046 iustis
965 1979 1238 2066 postulationibus
1254 1981 1431 2050 clementer

303 2088 485 2166 annuimus,
501 2088 778 2156 etMouasterium
791 2085 905 2152 Sancti
915 2085 1064 2170 Mauricij
1082 2086 1114 2152 in
1125 2087 1236 2153 Bocon
1252 2087 1337 2154 silua
1347 2090 1429 2156 Pan·

302 2196 474 2266 uouiorum
489 2195 606 2278 situm,
625 2197 657 2262 iu
675 2215 739 2280 quo
755 2194 875 2261 Diuiuo
894 2195 975 2261 estis
990 2193 1147 2277 obsequio
1163 2195 1352 2282 mancipati,
1370 2198 1429 2264 sub

305 2304 403 2372 Beati
418 2304 507 2372 Petri
523 2311 557 2370 et
571 2311 717 2370 nostram
733 2303 968 2389 protectionem
984 2301 1198 2387 suscipimus,
1216 2309 1249 2370 et
1264 2306 1430 2390 presentis

306 2411 420 2497 scripti
435 2412 607 2498 priuilegio
625 2413 867 2478 communimus.
888 2409 1041 2498 Inprimis
1058 2409 1221 2494 siquidem
1237 2420 1430 2496 statuentes,

305 2531 341 2590 ut
356 2521 435 2588 ordo
450 2520 670 2604 monasticus,
692 2520 746 2603 qui
762 2519 940 2592 secundum
954 2519 1080 2601 Deum,
1099 2525 1134 2584 et
1147 2520 1244 2586 Beati
1260 2522 1431 2590 Benedicti

302 2628 453 2712 regulam
478 2627 511 2694 in
538 2627 655 2696 eodem
670 2630 741 2696 loco
758 2627 925 2694 institutus
942 2646 1016 2693 esse
1032 2625 1247 2713 disnoscitur,
1263 2634 1430 2715 perpetuis

305 2736 427 2804 ibidem
452 2738 652 2826 temporibus
677 2736 911 2804 inuiolabiliter
927 2736 1126 2803 obsernetnr.
1153 2735 1308 2804 Preterea
1334 2759 1430 2822 quas·

192 2933 200 2942 .
307 2863 434 2928 cunque
459 2846 707 2932 possessiones,
734 2863 924 2928 quocunque
941 2841 1028 2910 bona
1045 2843 1130 2911 idern
1148 2842 1382 2914 llonasterium
1398 2847 1431 2912 in

306 2955 550 3038 presenciarum
566 2953 650 3020 iuste
666 2960 699 3019 ct
715 2954 871 3020 canonice
888 2951 1055 3037 possidet,
1077 2959 1133 3017 aut
1150 2953 1181 3016 in
1199 2953 1340 3020 futurum
1357 2975 1431 3022 con·

306 3060 456 3129 cessione
471 3060 679 3146 Pontificum,
705 3059 882 3144 largitione
901 3061 1025 3145 Regum
1041 3060 1094 3126 uel
1111 3057 1315 3146 Principum,
1343 3063 1432 3130 obla·

309 3170 402 3236 cione
418 3168 576 3254 fidelium,
605 3189 663 3236 seu
678 3169 755 3254 alijs
771 3169 865 3236 iustis
881 3167 986 3234 modis
1002 3175 1169 3254 prestante
1185 3168 1327 3238 Domino
1343 3179 1432 3257 pote-

309 3277 352 3344 rit
367 3277 530 3363 adipisci,
555 3275 649 3346 firma
673 3277 766 3344 uobis
783 3276 967 3360 uestrisque
983 3277 1229 3344 successoribus
1246 3287 1279 3346 et
1294 3279 1433 3347 inlibata

308 3394 536 3471 permaneant.
561 3387 599 3454 ln
615 3385 731 3471 quibus
747 3385 809 3454 hcc
824 3383 967 3471 proprijs
983 3384 1133 3452 duximus
1150 3385 1364 3472 exprimenda
1379 3409 1433 3456 uo·

308 3491 446 3560 cabulis.
471 3493 592 3559 Locum
617 3496 723 3580 ipsum
749 3494 783 3559 in
808 3513 871 3576 quo
897 3491 1060 3578 prefatum
1084 3493 1319 3560 Monastcrium
1336 3495 1433 3564 situm

309 3607 370 3683 est,
388 3619 460 3666 cum
475 3600 624 3668 omnibus
640 3601 852 3687 pertinenciis
868 3602 948 3680 suis,
963 3599 1148 3682 ibidemque
1164 3604 1297 3686 capella
1312 3603 1434 3672 Sancto

308 3707 414 3773 llario
429 3725 529 3794 super
543 3727 657 3792 rupem
674 3707 787 3775 Sancti
802 3705 951 3790 Gerardi,
968 3713 1001 3772 et
1016 3726 1114 3791 super
1131 3703 1287 3793 (b)ortum
1305 3711 1434 3797 Soruul,

310 3819 343 3882 ct
357 3813 677 3899 blarieblagdalene.
694 3817 731 3882 In
743 3816 941 3902 Episcopatu
951 3815 1122 3882 cauriensi
1139 3817 1300 3904 capellam
1312 3818 1435 3888 Sancto

310 3922 424 3989 Crucis
449 3922 510 3989 sub
535 3929 646 3990 monte
671 3923 798 4010 Manui,
826 3925 989 4009 capellam
1014 3921 1163 3990 Omnium
1189 3923 1383 3994 Sanctorum
1400 3929 1435 3995 iu

310 4031 458 4118 Cuppan.
485 4030 524 4096 In
548 4029 750 4118 Episcopatu
776 4031 1010 4119 vesprimiensi
1035 4031 1198 4118 capellam
1218 4033 1316 4101 Beati
1330 4033 1435 4102 Marci

310 4136 525 4223 Euangeliste
549 4138 584 4203 in
608 4137 759 4222 Endred,
785 4139 948 4224 capellam
975 4137 1091 4205 Sancti
1106 4139 1266 4226 Stephani
1282 4143 1384 4228 Regis
1401 4145 1435 4211 in

310 4247 438 4314 Borsot
455 4247 494 4312 In
510 4245 711 4332 Episcopatu
720 4245 929 4315 Waradicusi
944 4249 1106 4332 capellam
1123 4249 1306 4319 Saluatoris
1323 4253 1434 4321 mundi

311 4371 408 4421 secus
422 4350 557 4421 fluuium
571 4353 714 4420 Krisium
732 4373 802 4421 cum
818 4355 967 4422 omnibus
982 4357 1193 4441 pertinenciis
1208 4377 1319 4426 sarum
1328 4411 1338 4446 ,
1359 4381 1433 4428 cum

312 4461 425 4548 pratis,
442 4458 558 4546 uineis,
573 4461 679 4547 terris,
696 4463 895 4545 nemoribus,
912 4464 1091 4550 usucapijs,
1114 4471 1149 4531 et
1162 4469 1304 4554 pascuis,
1330 4469 1366 4536 in
1380 4468 1435 4536 bo·

314 4585 370 4636 sco
387 4571 419 4634 et
435 4567 545 4653 plano,
562 4569 596 4636 in
612 4569 706 4654 aquis
722 4577 756 4638 et
771 4568 980 4660 molendinis,
991 4571 1027 4638 in
1044 4573 1108 4641 uiis
1124 4578 1160 4641 et
1175 4575 1312 4662 semitis,
1330 4583 1366 4644 et
1380 4596 1433 4645 om
