3214 5066
475 371 824 484 *m

139 585 145 600 ·
181 591 324 657 eumque.
341 574 379 640 B.
403 578 437 638 et
458 571 496 638 V.
522 571 555 636 iu
576 569 748 655 presencia
771 574 884 636 nostre
903 568 1068 638 constituti
1083 590 1181 658 snper
1196 579 1302 641 muns-

149 735 152 738 .
184 683 354 768 grossiore
377 680 605 748 oonueuoiouis
629 677 672 744 eb
694 677 824 746 Abbnto
846 678 1097 766 impeterentur,
1126 681 1299 768 responde

183 796 259 858 runt
290 791 545 859 oonuenoiouem
579 809 600 854 a
631 787 799 874 prestnldo
821 779 1067 875 Arohiepisoopi
1098 791 1219 858 lentem
1250 791 1301 858 tir·
1364 807 1368 814 ·

184 899 279 966 miter
302 917 338 966 se
363 899 612 981 obseruaturos,
631 896 677 963 itu
699 897 851 964 videlieet
874 895 959 983 quod
982 904 1088 981 terre,
1105 919 1200 983 quam
1217 899 1302 969 idem

184 1006 370 1094 presteldus
394 1005 601 1092 presentibus
632 1003 789 1091 predictis
811 1004 965 1091 Kyliauo,
989 1005 1085 1072 Petro
1117 1013 1150 1072 et
1181 1007 1301 1096 Grego-

185 1115 278 1202 gorio
310 1113 481 1199 comitibus
504 1112 653 1180 Euolesis
684 1112 846 1196 prelibato
879 1102 1107 1200 osigunueret,
1140 1114 1212 1182 sine
1244 1117 1303 1185 eli·

187 1241 250 1305 qun
272 1221 490 1288 diminutione
514 1219 620 1294 eidem
643 1219 873 1304 possidendam
893 1221 1122 1308 relinquerent,
1139 1227 1172 1292 et
1192 1225 1222 1292 si
1244 1225 1310 1292 uli·
1381 1280 1385 1288 .
1429 1257 1436 1270 ·

185 1351 281 1416 quam
303 1329 490 1418 poroiouem
512 1328 546 1394 in
570 1327 685 1396 eadem
717 1334 805 1398 terra
826 1328 950 1398 hebere
973 1331 1236 1419 dinoscebantur,
1259 1333 1325 1400 ei-'

185 1441 259 1507 dem
289 1445 322 1506 et
354 1436 499 1504 lloclesie
531 1435 676 1502 totaliter
708 1435 933 1504 concederent.
966 1422 1138 1508 'Addentes
1170 1441 1303 1528 iusuper

185 1547 272 1632 quod
302 1548 486 1613 Ponunuum
519 1543 651 1628 fratrem
685 1563 797 1612 eorum
830 1553 943 1612 eontra
975 1547 1159 1614 Ecclesiam
1192 1547 1303 1618 Senoti

184 1655 318 1725 Martini
348 1655 382 1720 in
415 1651 648 1746 donooiouibus
671 1652 752 1720 Kolt
784 1657 817 1720 et
845 1653 980 1750 lustrum
1003 1674 1134 1724 suorum
1156 1674 1221 1722 uon
1245 1653 1302 1723 sd·

185 1763 353 1846 iuuareut,
385 1761 455 1828 siue
486 1759 519 1827 in
542 1760 714 1847 libertinis,
736 1760 807 1827 siue
829 1759 863 1826 in
885 1761 979 1829 terris
1003 1761 1136 1838 minime
1167 1764 1302 1832 adiurn-

184 1880 267 1942 reut.
292 1873 334 1944 Et
356 1869 497 1938 confessi
521 1876 615 1956 sunt,
640 1870 673 1936 in
696 1869 931 1956 donnoionibus
955 1870 1021 1936 illis
1044 1871 1168 1938 nullum
1191 1891 1226 1940 se
1249 1873 1301 1941 ius

186 1981 320 2048 hebere.
358 1978 437 2054 ,Hoo
470 1985 576 2045 autem
599 1984 709 2046 uotum
734 1986 783 2046 est
805 1998 891 2046 anuo
915 1977 957 2044 ab
980 1979 1214 2047 Inoarueoiond
1236 1980 1301 2048 Do-

185 2090 264 2157 miui
295 2085 545 2168 Mtootxlsse
592 2088 635 2154 Et
657 2095 692 2154 ut
714 2087 801 2156 istud
822 2087 855 2153 in
878 2093 1074 2172 perpetuum,
1091 2086 1225 2158 firmiter
1248 2088 1301 2156 ob·

186 2196 311 2266 seruari
333 2195 457 2282 possit,
480 2195 581 2282 sigilli
604 2195 706 2264 nostri
728 2194 904 2265 munimine
926 2197 1160 2265 roboreuimus.

213 2590 261 2662 (11.
280 2591 374 2648 unere
392 2587 486 2663 urrery
505 2589 616 2664 nmo-rr
634 2589 803 2664 magenerus
824 2588 1036 2662 oummyoeor,
1055 2593 1130 2666 mer,
1148 2607 1166 2648 a
1184 2557 1275 2651 rient-

399 2678 522 2738 mdrtoni
539 2679 693 2754 foapdotg
709 2680 905 2740 lovelttrobnu
923 2681 1087 2756 nllltutik)
