3222 5054
181 1025 238 1090 IX.
256 1025 391 1114 Gerpelp
409 979 501 1111 prtpo
520 1027 542 1091 α’
557 1027 688 1115 adprctbi
696 1030 827 1115 prtprout
844 1033 875 1096 es
889 1005 1047 1118 kdptclac
1061 1038 1207 1100 sedeccia-u
1221 1037 1303 1102 Imus

183 1134 214 1198 a
223 1133 270 1199 II.
279 1133 390 1201 Badra
403 1133 808 1222 kirdlyokpricilcpiamac't
823 1139 905 1204 serr.
916 1141 1025 1206 [sevon
1039 1143 1170 1230 euprobi
1178 1143 1304 1230 pttcpblc

483 1241 674 1322 adokoactsrtt
690 1245 799 1310 erdstts'
811 1267 886 1332 mep.
904 1247 1001 1313 1227.
1054 1291 1055 1294 =

290 1417 471 1509 Gregorius
483 1421 667 1510 Episcopus
683 1429 744 1490 eto.
761 1423 891 1493 dilectis
906 1423 982 1494 filiis
1012 1475 1020 1493 .
1039 1477 1046 1493 .
1065 1478 1098 1495 ..
1132 1427 1303 1516 Proposito

184 1535 217 1598 et
232 1529 382 1618 (lapitnlo
399 1529 691 1616 Zagrabiensibur,
718 1532 856 1629 salutem
873 1539 935 1600 etc.
953 1533 1094 1620 Dignum
1111 1541 1161 1603 cst
1177 1543 1211 1603 et
1226 1555 1303 1605 con-

182 1638 328 1724 veniens,
345 1646 380 1706 nt
395 1637 468 1724 hiis,
485 1657 548 1724 qus
564 1661 586 1707 a
600 1641 746 1728 Regibus
762 1649 794 1740 et
809 1643 1014 1730 Principibus
1031 1645 1225 1715 christianis
1240 1667 1301 1734 pro

182 1745 402 1816 Ecclesiamm
418 1747 614 1817 utilitatibus
630 1741 825 1834 statuuntur,
844 1743 947 1818 Sedes
961 1753 1163 1836 Apostolicc,
1182 1769 1243 1839 que
1254 1743 1303 1822 'te-

182 1859 274 1922 netur
288 1853 487 1942 profectibus
502 1853 647 1942 ipsarum
670 1858 877 1943 prospicere,
905 1859 1049 1926 levorem
1075 1859 1246 1947 exhibeam
1269 1867 1306 1931 ut

183 1955 386 2040 ee'maneanl
396 1965 603 2052 inconcusse
620 1966 767 2052 diligenti
781 1968 903 2036 debeat
918 1967 1137 2036 sollicitudine
1151 1969 1303 2057 provide·

182 2069 226 2139 re.
237 2071 336 2153 Sene,
351 2071 463 2142 dilecti
474 2074 507 2139 in
517 2073 657 2141 Domino
673 2073 743 2156 filii,
759 2076 998 2144 insinuantibus
1012 2077 1106 2149 vobis
1122 2078 1303 2165 didicimus,

182 2181 268 2266 qnod
282 2181 393 2248 inclite
408 2181 642 2250 recordationis
658 2185 767 2269 Reges
782 2185 889 2270 Regni
906 2185 1080 2284 Ungarie,¹
1097 2203 1159 2255 nec
1182 2207 1247 2255 non
1271 2194 1304 2254 et

182 2291 241 2358 ulii
256 2289 378 2357 Christi
391 2289 505 2358 fideles
514 2291 621 2377 Regni
634 2289 780 2360 eiusdem
795 2295 920 2378 predia,
937 2293 1164 2380 possessiones
1181 2301 1213 2363 et
1228 2295 1302 2363 red-

177 2395 269 2466 ditus
294 2397 509 2484 Zagrabiensi
525 2380 683 2492 ¹licoles'ie
707 2401 839 2486 pietatis
864 2401 981 2468 intuitu
1013 2402 1238 2488 contulerunt,
1263 2423 1304 2472 ac

183 2507 272 2574 clare
294 2507 451 2604 memorie
471 2506 660 2578 Homericus
684 2508 757 2576 Rex
782 2509 948 2598 Hungerie
975 2511 1135 2596 quasdam
1171 2509 1306 2606 indulsit

183 2617 355 2684 libertates
371 2603 411 2682 e't'
418 2601 637 2686 immunitates
653 2619 782 2706 populis
799 2619 1130 2706 eiusdem'ldcelesie‚
1147 2620 1232 2688 sicut
1247 2641 1302 2707 ap·

183 2731 278 2812 paret
293 2744 352 2812 per
367 2725 575 2812 priuilegiumv
589 2724 745 2812 speciale.
766 2719 1105 2814 Carissimnssquoque
1122 2729 1156 2794 in
1172 2726 1302 2796 Christo

183 2833 268 2902 iilius
284 2831 393 2901 noster
408 2829 589 2922 A(ndrees)
605 2837 676 2904 Rex
686 2835 890 2922 Ungarorum
905 2837 1045 2910 niustria
1062 2834 1184 2905 eisdem
1200 2855 1302 2922 popu-

183 2939 224 3007 lis
250 2941 411 3024 quasdam
437 2943 605 3027 libertates
629 2946 663 3009 et
688 2939 907 3012 immunitates
932 2945 1088 3014 indulsit:
1114 2945 1170 3030 qui
1194 2945 1327 3039 etism„
1410 2975 1417 2990 ι

184 3049 270 3134 quod
286 3047 424 3134 predicti
439 3051 548 3137 Reges
574 3057 606 3118 et
630 3051 686 3118 alii
712 3051 878 3134 fecerant,
906 3052 1117 3138 approbavit3
1144 3051 1305 3144 concessit

184 3155 324 3241 quedem
340 3157 481 3245 insuper,
502 3164 534 3226 et
548 3151 706 3244 specialia
723 3157 897 3246 superbiis
914 3157 1017 3226 edidit
1032 3159 1199 3246 instituta,
1216 3163 1301 3227 sicut

184 3267 216 3334 in
232 3267 303 3332 sius
318 3264 497 3352 privilegiis
513 3268 643 3335 munitis
660 3267 769 3352 sigillo
786 3287 880 3334 cereo
896 3273 929 3332 et
945 3267 1035 3334 bulla
1046 3283 1147 3333 aurea
1159 3259 1300 3335 contine

183 3381 244 3441 tur.
261 3373 467 3441 Venerabilis
482 3395 608 3460 quoque
625 3377 727 3443 trater
740 3371 853 3442 noster
869 3375 1053 3458 Stephanus
1070 3373 1302 3457 Zagrabiensie

183 3483 367 3571 Episcopus
381 3481 427 3548 ad
441 3485 737 3570 augmentationem
753 3502 864 3552 mense
880 3481 985 3568 ipsius
999 3481 1148 3548 Ecclesie
1162 3501 1300 3577 preven-

184 3597 237 3658 tus
253 3589 468 3674 decimarum‚
493 3591 610 3659 (tutelli
624 3591 657 3679 (i
668 3590 805 3674 cultelli)
819 3577 945 3658 scilieet
960 3588 1191 3672 Zagrebiensis
1201 3593 1301 3676 ‘paro
1390 3603 1393 3615 ·

165 3679 269 3795 chio,
284 3717 326 3763 ac
341 3695 484 3765 decimas
500 3697 540 3766 de
551 3699 689 3785 (berche,
706 3699 899 3784 quibusdam
916 3697 1072 3784 exceptis,
1088 3716 1150 3764 nec
1164 3693 1301 3766 non‘du'·

186 3813 297 3874 centos
313 3824 430 3892 porcos
456 3814 489 3874 et
512 3806 668 3876 ducentos
688 3807 821 3876 cubulos
837 3808 924 3891 vini,
952 3827 992 3874 ac
1016 3807 1115 3872 etiam
1139 3805 1303 3892 quendum

185 3921 309 3982 curtem
335 3934 407 3982 curn
432 3915 581 3982 omnibus
601 3915 752 3989 domibus
767 3915 981 3984 existentibus
998 3915 1032 3981 in
1049 3913 1162 3983 eadem
1178 3917 1234 4002 pie
1247 3934 1301 3983 vo·

184 4022 237 4092 bis
254 4023 455 4090 liberalitate
481 4026 658 4102 concessit,
685 4026 768 4092 sicut
783 4025 817 4091 iu
833 4025 902 4092 eius
917 4021 1091 4110 privilegio
1110 4022 1299 4091 continetur.

184 4133 254 4200 Nos
271 4151 349 4217 ergo
364 4130 545 4199 devotionis
560 4139 668 4201 vestre
682 4133 835 4217 precibus
851 4131 1017 4226 inclinati,
1042 4130 1129 4213 quod
1155 4150 1177 4196 a
1195 4131 1301 4216 predi-

187 4243 249 4308 ctis
265 4240 441 4325 superbiis
457 4241 655 4328 estpietutis
673 4242 805 4309 obtentu
831 4241 970 4324 fuctum,
998 4237 1191 4314 auctoritate
1216 4240 1302 4324 Apo-

70 4429 77 4440 ·
188 4349 307 4415 stolica
323 4345 547 4415 confirmemus
571 4355 604 4415 et
627 4341 788 4435 presentis
805 4349 916 4435 scripti
931 4346 1112 4434 patrocinio
1130 4347 1312 4416 communi-¹

188 4476 268 4522 mus.
279 4455 331 4523 Ad
345 4456 501 4524 maiorem
517 4464 624 4530 autem
641 4461 802 4525 cautelam
819 4464 947 4524 tenores
962 4454 1201 4541 privilegiorum
1216 4456 1301 4541 ipsc·

187 4584 256 4631 rum
271 4564 314 4633 de
328 4564 428 4632 verbo
444 4567 487 4632 ad
500 4567 635 4636 ¹verbum
649 4565 854 4653 presentibus
869 4564 1008 4632 duximis
1023 4561 1222 4632 inserendos.
1238 4563 1299 4631 Te-

187 4693 246 4741 ner
261 4673 371 4744 eutem
385 4673 551 4764 privilegii
565 4675 729 4745 Homerici
744 4675 844 4760 Regis
861 4671 1006 4760 Ungarie
1021 4672 1097 4742 telis
1113 4679 1182 4741 est:
