3214 5072
791 309 950 416 „E-

310 511 404 580 annis
419 518 504 578 retro
520 509 667 576 Abbates
682 509 872 578 monasterii
886 508 997 590 uestri,
1023 509 1079 590 qui
1104 527 1163 592 pro
1177 513 1335 594 tempore
1359 507 1432 576 iue-

309 628 390 706 rant‚
406 619 561 687 habuisse
576 625 761 702 noscuntur,
793 619 888 686 nobis
906 625 938 684 et
955 617 1154 683 monasterio
1184 623 1295 684 uestro
1320 621 1434 684 aucto

309 725 406 794 ritate
432 723 626 813 Apostolica
651 725 886 792 confirmamus.
921 721 1070 790 Obeunte
1090 743 1167 791 uero
1183 731 1225 807 te,
1242 742 1329 790 nnnc
1346 723 1431 790 eius-

309 835 382 903 dem
397 834 461 901 loci
477 835 617 920 Abbate,
633 835 685 900 uel
702 841 826 901 tuorum
844 835 990 920 quolibet
1004 851 1240 916 successorum,
1258 830 1366 898 nullus
1382 830 1431 898 ibi

312 942 459 1028 qualibet
474 940 691 1028 subreptionis
708 943 837 1008 astucia
862 962 919 1010 seu
948 941 1106 1008 uiolentia
1133 946 1342 1026 preponatur,
1366 937 1431 1004 nisi

310 1070 405 1134 quem
427 1051 547 1118 fratres
572 1050 732 1116 communi
758 1069 929 1134 consensu,
955 1050 1009 1116 nel
1035 1049 1172 1115 fratrum
1198 1066 1276 1134 pars
1303 1043 1433 1114 consilii

311 1159 463 1241 sanioris,
481 1157 659 1224 secundum
674 1158 778 1224 Deum
797 1163 831 1224 et
845 1157 943 1224 Beati
959 1157 1127 1226 Benedicti
1152 1156 1301 1241 regulam
1327 1153 1432 1240 proui-
1518 1205 1525 1232 ,

315 1265 421 1332 derint
437 1265 633 1349 eligendum.
649 1265 863 1334 Decernimus
880 1286 969 1352 erge,
980 1265 1103 1334 utnulii
1119 1265 1250 1332 omnino
1268 1261 1432 1330 hominum

311 1374 412 1467 iiceat
427 1374 592 1462 prefatum
602 1381 968 1462 monasteriumtemere
986 1375 1187 1460 perturbare,
1203 1379 1260 1438 aut
1275 1372 1344 1439 eius
1359 1389 1432 1458 poa

312 1485 480 1552 sessiones
497 1483 644 1568 auferre,
655 1487 708 1550 nel
724 1483 855 1552 ablatas
871 1485 1022 1568 retinere,
1039 1485 1195 1568 minuere,
1208 1489 1265 1548 ant
1280 1479 1435 1568 quibusli-

312 1591 369 1658 bet
399 1591 629 1660 uexationibus
661 1592 820 1678 fatigare,
851 1593 911 1659 sed
942 1593 1051 1660 omnia
1083 1591 1212 1678 integra
1242 1594 1276 1656 et
1305 1589 1435 1656 illibata

295 1706 479 1768 *seruentur
495 1718 614 1784 eorum,
631 1719 689 1784 pro
705 1719 837 1784 quorum
865 1699 1105 1784 gubernatione
1132 1717 1172 1764 ac
1197 1697 1435 1764 sustentatione

310 1825 468 1875 concessa
484 1813 567 1891 suut,
584 1808 697 1874 usibus
713 1807 903 1874 omnimodis
922 1807 1107 1893 protutura,
1128 1806 1221 1872 salua
1238 1803 1333 1872 Sedis
1347 1805 1435 1892 Apo·

310 1916 426 1982 stolice
441 1915 644 1982 auctoritate.
662 1915 698 1982 Si
715 1935 779 1999 qua
794 1915 892 1998 igitur
908 1915 940 1979 in
958 1914 1099 1982 futurum
1140 1913 1366 1980 ecclesiastica
1381 1933 1432 1980 se·

308 2023 469 2092 cularisue
485 2041 639 2110 persona,
655 2023 739 2090 hanc
755 2027 864 2090 nostre
881 2022 1126 2090 constitutionis
1142 2023 1299 2108 paginam
1314 2022 1431 2106 sciens,

308 2138 421 2198 eontra
437 2151 509 2198 eam
524 2138 646 2199 temere
660 2131 773 2197 uenire
788 2133 1004 2220 temptauerit,
1020 2130 1167 2200 seeundo
1193 2133 1330 2198 terticre
1345 2149 1432 2197 oom-

307 2237 441 2322 monita,
459 2237 522 2303 nisi
536 2243 661 2330 reatu-m
678 2257 771 2304 suum
786 2237 886 2324 digna
902 2238 1132 2307 satisfactione
1158 2239 1348 2323 correxerit,
1374 2257 1431 2322 po-

308 2343 438 2412 testatis
454 2343 650 2428 honorisque
665 2344 714 2410 sui
735 2343 894 2428 dignitate
920 2352 1041 2430 careat,
1068 2363 1224 2428 reamque
1249 2365 1285 2412 se
1311 2343 1431 2412 Diuico

309 2451 428 2519 indicio
445 2451 584 2518 existere
602 2439 642 2518 de
658 2457 853 2538 perpetrata
861 2453 1032 2535 iniquitate
1052 2459 1241 2540 cognoscat,
1269 2459 1304 2528 et,
1325 2472 1348 2520 a
1371 2451 1430 2521 Sa·

161 2566 165 2578 ’
207 2605 209 2610 .
311 2558 492 2628 arctissimo
509 2559 650 2646 Corpore
664 2579 703 2624 ae
721 2559 885 2643 Sanguine
900 2562 963 2628 Dei
980 2567 1011 2626 et
1039 2561 1173 2629 Domini
1198 2561 1428 2648 Redemptcris

298 2669 411 2756 nostri
436 2665 517 2735 Jesu
544 2669 663 2736 Christi
688 2669 798 2736 aliena
824 2669 896 2754 fiat,
923 2677 1022 2754 atque
1047 2673 1080 2738 in
1106 2678 1250 2738 extremo
1279 2671 1430 2738 examine

309 2775 455 2842 districte
470 2774 585 2844 ultioni
602 2777 784 2862 subjaceat.
795 2775 927 2845 Cunctis
944 2777 1053 2845 dutem
1071 2779 1177 2846 eidem
1192 2781 1265 2846 loco
1277 2799 1343 2846 sna
1357 2779 1430 2848 iura

309 2883 518 2950 sernentibus
546 2883 666 2968 sitpax
682 2885 812 2952 Domini
829 2887 931 2952 nostri
946 2887 1027 2954 Jesu
1047 2886 1176 2970 Christi,
1203 2893 1370 2972 qnatenus
1397 2893 1430 2952 et

308 2989 361 3064 hic
376 2990 514 3057 fructum
531 2991 615 3058 bone
632 2992 768 3058 actionis
784 2993 976 3078 percipiant,
992 2999 1025 3061 ct
1040 2997 1128 3080 apud
1143 2993 1328 3061 districtum
1344 2995 1425 3062 iudi·

307 3117 375 3166 cem
390 3098 516 3185 premia
531 3105 640 3164 eterne
655 3099 747 3184 pacis
763 3099 940 3166 inueniant.
959 3101 1072 3167 Amen.
1090 3101 1206 3168 Amen.
1222 3101 1337 3169 Amen.

521 3203 571 3292 (P·
588 3203 646 3290 n.)
974 3205 1212 3296 (Paparjegy.)

413 3313 537 3398 †Ego
564 3312 1077 3384 AlexanderOatholice
1097 3316 1307 3386 Ecclesia
1331 3318 1426 3406 Epi·

307 3440 471 3508 scopus
494 3441 536 3487 ss.
1398 3495 1404 3500 ,

413 3527 926 3614 †ngoaernardus1³0rtuensis
949 3537 982 3597 et
1006 3532 1126 3600 Sancte
1152 3531 1267 3600 Rufina
1291 3535 1425 3622 Episco-

304 3657 366 3726 pus
391 3656 435 3705 ss.

411 3745 517 3828 †Ego
533 3743 721 3812 Gualterins
738 3745 934 3813 Albanensis
951 3746 1133 3834 Episcopus
1149 3767 1193 3816 ss.

299 3939 301 3942 Ι
413 3853 520 3935 †Ego
537 3852 683 3920 Joannes
699 3853 862 3921 Presbitor
886 3854 1071 3922 Cardinalis
1095 3856 1290 3924 Sanctorum
1316 3857 1419 3926 Joun·

307 3962 358 4029 nis
375 3966 407 4028 et
422 3960 516 4028 Pauli
531 3960 617 4026 tituli
632 3961 799 4027 Pamuchii
814 3981 857 4028 ss.
936 3999 940 4008 ·
1436 4042 1439 4052 Ι

275 4159 278 4164 1
410 4071 432 4151 †
448 4069 518 4152 Ego
534 4067 679 4136 ioannes
696 4069 861 4138 Presbiter
878 4070 1065 4138 Cardinalis
1082 4071 1166 4138 tituli
1190 4073 1304 4140 Sancti
1332 4073 1421 4142 Ana·

306 4178 409 4244 statie
425 4198 469 4244 ss.
1289 4225 1297 4240 ι

410 4284 519 4368 tEgo
536 4284 682 4352 Joannes
700 4286 878 4374 Presbyter
893 4287 978 4352 tituli
995 4288 1107 4355 Sancti
1122 4287 1223 4355 Marci
1239 4307 1283 4356 ss.
1349 4337 1354 4352 Ι

415 4393 436 4472 †
454 4393 524 4478 Ego
540 4391 728 4461 Manfredus
744 4395 915 4482 presbyter
930 4395 1114 4464 Carffinalis
1129 4397 1215 4465 tituli
1229 4399 1348 4466 Sancte
1365 4399 1424 4469 Ge
1509 4417 1513 4432 ‘

307 4495 383 4566 oilie
401 4517 445 4564 ss.
1495 4531 1499 4538 ·
1600 4525 1601 4554 ³

304 4693 306 4700 y
411 4605 513 4692 †Ego
528 4591 671 4678 iacchus
688 4610 721 4678 S.
738 4609 883 4678 Muriein
900 4573 1028 4678 cosmis.
1045 4609 1172 4680 Diacon
1183 4612 1422 4690 Oarunalisss·
