3222 5054
647 411 809 424 —-..-...

164 517 223 584 alii
238 518 402 586 instanter
416 523 606 601 rogassent,
624 519 824 604 accepimus.
857 518 953 598 Quod
969 519 1117 605 predium
1131 518 1222 588 fideli
1236 541 1293 591 nc·

164 633 231 694 stro
257 623 425 692 Demetrio
449 626 624 708 magistro,
650 645 721 692 cum
747 627 993 711 aggraraciouc
1018 627 1122 712 patris
1147 630 1294 698 eiusdem

163 733 346 800 alienatum
363 752 436 804 csse
453 733 671 819 percepimus,
696 747 755 818 pro
771 735 860 802 mille
878 735 994 802 marcis
1010 736 1158 802 totaliter
1172 737 1205 803 in
1221 757 1294 823 pro·

164 843 253 909 ximo
269 842 444 927 persolutis
460 839 676 909 vendidimus.
697 833 777 910 Idcc
793 863 865 909 eam
884 838 969 931 (tgy)
986 863 1007 910 a
1022 842 1116 912 nobis
1131 852 1200 911 tam
1216 865 1307 915 care.

165 953 244 1017 emit
253 1001 263 1036 ,
292 951 369 1032 quia
393 950 546 1016 libertate
572 957 605 1014 et
629 949 835 1017 institucione
853 951 990 1038 cadem,
1007 971 1073 1036 qua
1088 959 1163 1020 tunc
1178 952 1294 1040 predia

164 1067 275 1126 nostra
293 1059 497 1142 tenebantur,
514 1059 576 1124 sibi
593 1057 817 1146 vendidimus3
834 1079 896 1142 que
912 1068 988 1126 tnnc
1003 1059 1098 1127 nobis
1114 1059 1155 1128 de
1171 1061 1294 1146 prediis
1383 1037 1387 1048 ¹

164 1168 287 1234 uostris
312 1175 362 1233 est
387 1187 408 1233 a
431 1174 526 1252 patre
542 1171 654 1237 nostro
670 1169 857 1251 constituta,
878 1167 964 1252 quod
979 1168 1070 1236 nulla
1087 1168 1226 1235 collecta
1241 1171 1295 1238 vel

166 1276 278 1359 aliqua
295 1275 490 1358 exaccione,
515 1263 611 1358 quarn
628 1276 661 1342 iu
678 1277 791 1362 Regno
807 1295 865 1342 suo
883 1277 1140 1360 quandocunque
1156 1279 1210 1344 rel
1226 1276 1295 1344 ubi
1381 1308 1387 1321 ·

167 1405 294 1468 cunque
320 1372 512 1467 constituet,
531 1383 653 1478 'predia
672 1381 715 1449 ad
730 1403 790 1450 nos
807 1385 1009 1470 pertinencia
1035 1391 1218 1454 teneantur.
1250 1385 1296 1453 Ut

166 1501 275 1562 autem
300 1495 361 1560 lree
386 1493 463 1558 talis
489 1493 581 1558 accio
605 1492 657 1558 vel
675 1493 872 1578 composicio
888 1493 922 1558 in
938 1494 1029 1560 irrito
1046 1513 1110 1560 non
1127 1495 1232 1582 possit
1246 1513 1295 1562 rc-

167 1601 297 1713 rooagi,
323 1619 460 1687 presens
486 1601 642 1685 scriptum
668 1599 769 1683 sigilli
792 1603 898 1668 nostri
914 1603 1089 1669 munimine
1105 1603 1295 1670 roboratum

168 1727 401 1776 concessimus.

562 1885 660 1953 (emet
677 1883 889 1960 kenirataibdl).

641 2154 651 2162 n
668 2153 772 2162 -v--mn
779 2154 795 2159 ⁶
804 2153 855 2159 .-.-

215 2573 264 2640 Aa
288 2523 471 2658 arrogant
487 2571 642 2656 kdptalaa
657 2571 847 2658 biacnycdpa
861 2571 1012 2657 Ryacska
1026 2570 1157 2638 casua
1172 2581 1253 2638 accc
1269 2515 1271 2523 Ι

507 2678 625 2765 jb'ldele
640 2677 830 2744 elcddactrdl.
855 2679 953 2746 1228.

280 2859 493 2929 'restantibus
518 2857 635 2926 litteris
661 2855 804 2945 Capituli
820 2856 1056 2942 Strigcnicnsis
1072 2859 1195 2926 Paulus
1213 2857 1298 2928 filius

173 2975 330 3048 Tereuen,
348 2966 412 3036 Vid
428 2974 460 3033 et
475 2968 663 3036 Dobrunlcr
674 2967 896 3052 jobbagicucs
912 2967 1018 3034 castri
1029 2965 1218 3037 Barsicnsis
1233 2974 1297 3036 ter·

173 3102 244 3148 ram
259 3075 420 3166 Ryuchlsa
445 3083 478 3142 et
502 3075 585 3145 Bela
610 3075 654 3142 ad
678 3096 715 3143 sc
739 3083 773 3144 ct
795 3095 923 3143 omnem
939 3075 1189 3159 generacionem
1204 3095 1298 3144 suam

174 3189 384 3275 pertinentes,
410 3185 452 3252 de
477 3183 638 3264 communi
655 3186 794 3270 omnium
820 3185 1049 3268 cognationum
1074 3203 1205 3250 suarum
1224 3205 1299 3251 con-

174 3297 339 3381 sensione,
366 3301 398 3359 et
422 3315 463 3360 ex
487 3293 701 3380 permissione
727 3313 768 3359 ac
784 3293 989 3377 beneplacito
1007 3291 1130 3357 domini
1144 3291 1300 3360 Andreae

174 3403 285 3490 Regis,
302 3403 499 3470 Leustaohio
525 3402 641 3468 comiti
667 3423 753 3468 anno
772 3397 1005 3467 MCOXXVIII
1020 3417 1130 3493 coram
1147 3400 1298 3487 Capitale

174 3513 392 3598 Strigouieusi
408 3511 563 3577 rendunt.
574 3511 674 3596 Regis
692 3511 822 3577 nomine
831 3509 965 3576 Samuel
976 3507 1093 3576 Comes
1104 3515 1137 3575 et
1147 3505 1300 3577 Burunch

175 3643 285 3691 earam
302 3621 454 3706 Capitale
470 3619 611 3687 aderant
620 3668 629 3704 ,
648 3627 683 3686 ut
699 3619 740 3686 dc
757 3617 852 3702 hujus
864 3615 1084 3700 ,permissione
1100 3615 1196 3684 fidem
1212 3617 1300 3684 faee-

174 3737 266 3814 rent,
295 3735 328 3796 ct
352 3729 611 3796 reambulatione
636 3734 795 3793 terrarum
812 3726 1047 3811 inpraesentia
1063 3725 1301 3810 jcbbagicnum

175 3837 364 3927 provinciae
381 3837 540 3918 instituta,
557 3843 589 3901 et
604 3843 725 3923 partes,
739 3842 771 3900 et
781 3835 889 3904 nuncii
901 3835 1003 3924 Regis
1020 3835 1147 3903 litteras
1164 3831 1302 3922 emptori

176 3945 390 4034 postulabant
407 3943 581 4013 extradari.

177 4123 294 4194 (Bartsl
307 4121 429 4195 Gybrgy
446 4121 517 4178 utin
531 4119 822 4198 ,Commentariorum
841 4119 878 4174 ad
896 4119 1045 4175 historiam
1063 4121 1157 4174 status
1171 4115 1303 4188 jurisque

175 4215 286 4290 publici
303 4213 472 4286 Hungariae
490 4213 556 4268 aevi
573 4211 658 4268 medii
676 4210 742 4266 libri
756 4209 828 4265 ΧΨ
847 4206 939 4264 calmll
957 4206 1171 4280 munktijdbnn,
1188 4207 1302 4262 Person

178 4305 257 4364 1847.
275 4303 313 4362 Π.
332 4304 391 4360 ket
412 4302 509 4359 1221.
547 4303 591 4358 Au
611 4299 736 4372 olmdny
755 4299 881 4356 credetis
899 4298 1049 4354 taldltstik
1068 4315 1085 4353 a
1103 4297 1215 4368 suspcsi
1232 4293 1303 4368 kstp·

530 4394 612 4448 tclan
629 4389 837 4450 levdltdrtban.
856 4390 963 4456 duct.)

611 4620 858 4632 -u-h—--n—

235 4777 358 4828 Hom.
371 4777 468 4825 HUNG·
479 4775 560 4822 msu.
573 4796 599 4808 -
613 4773 695 4820 n1r1..
708 4777 731 4820 6.
