3222 5054
196 1010 254 1076 IX.
272 1008 409 1100 Gsrpcly
417 1013 511 1096 pcipe
526 1007 611 1074 Boia
626 1005 729 1097 iffabb
744 1007 866 1096 kirdlyt
874 1007 1056 1098 seleedlttja
1064 1060 1073 1095 ,
1093 1017 1170 1100 bopy
1185 1033 1207 1077 a
1221 1012 1319 1078 odoret
1373 1047 1376 1056 v

349 1171 351 1176 .
379 1113 519 1183 condeck
533 1113 679 1204 elsaphclt
686 1113 796 1202 fb'ldtt
811 1115 890 1202 adja
911 1117 1020 1184 cessa.
1038 1117 1135 1184 1232.

301 1292 478 1380 Gregorius
493 1291 676 1382 Episcopus
692 1311 806 1363 servus
822 1311 986 1363 serrorum
1005 1295 1069 1364 Dei
1094 1295 1262 1366 carissimo
1284 1298 1319 1368 iu

194 1399 322 1471 Obristo
337 1400 405 1470 tilio
420 1403 500 1469 Belo
523 1403 738 1488 primogenito
757 1403 920 1472 carissimi
941 1405 975 1471 in
991 1405 1120 1472 Christo
1138 1403 1194 1472 filii
1215 1401 1319 1474 nostri

193 1509 332 1596 Andree,
348 1509 491 1579 illustris
505 1511 607 1597 Regis
622 1509 768 1596 ngarie
783 1511 922 1579 salutem
938 1519 971 1580 et
980 1511 1205 1601 Apostolicam
1220 1513 1318 1580 bene
1427 1545 1430 1556 ·

193 1619 377 1687 dictionem.
403 1617 523 1688 Dilecti
545 1619 604 1687 tilii
626 1620 785 1707 Magister
804 1626 837 1689 et
855 1621 974 1688 iratres
996 1622 1121 1689 Domus
1136 1620 1319 1707 Hospitalis

193 1728 315 1817 Sancte
330 1727 434 1794 llario
450 1725 724 1794 Thertonioomn
740 1727 1027 1798 iherosolimitana
1041 1727 1156 1796 humili
1175 1728 1270 1795 nobis
1286 1734 1319 1794 et

193 1833 330 1902 instanti
352 1835 585 1918 conquestione
607 1842 845 1922 monstrarunt,
869 1837 957 1920 quod
980 1855 1052 1902 oum
1072 1835 1261 1903 carissimus
1283 1835 1317 1902 iu

193 1941 321 2011 Obristo
336 1941 421 2011 iilius
438 1949 549 2010 noster
564 1942 715 2012 Andreas
730 1944 871 2011 illustris
887 1945 959 2012 Rex
974 1943 1122 2028 ngarie
1137 1948 1232 2032 pater
1243 1949 1318 2010 tuus

192 2071 303 2120 eornm
326 2051 447 2119 Domui
469 2057 590 2118 terram
605 2052 725 2116 Buram
747 2053 804 2139 pia
819 2052 1017 2120 liberalitate
1033 2050 1209 2138 donasset,
1233 2051 1319 2121 sicut

192 2157 226 2226 in
248 2157 330 2247 ipsis
351 2159 535 2246 privilegiis
557 2159 785 2248 perspeximus
809 2159 940 2247 plenius
964 2159 1143 2246 contineri,
1169 2157 1235 2247 ipsi
1258 2179 1318 2248 pro

194 2265 334 2336 colenda
357 2273 389 2334 et
411 2267 587 2362 munienda
610 2273 697 2334 terra
716 2269 852 2353 eadem,
879 2285 1059 2354 perquam
1083 2267 1238 2338 comanis
1252 2269 1318 2338 Re-

192 2396 292 2461 gnum
308 2373 453 2461 ngarie
468 2375 691 2462 multipliciter
712 2377 979 2464 perturbantibus
995 2379 1148 2462 frequens
1163 2375 1317 2445 introitus

193 2491 227 2550 ct
248 2483 355 2551 exitus
378 2482 572 2568 habebatur,
595 2504 802 2554 numerosam
827 2487 1000 2573 pecuniam
1023 2485 1248 2573 expenderunt
1272 2484 1319 2553 ibi

175 2611 265 2659 rcum
288 2592 388 2659 multo
407 2593 520 2660 labore
540 2597 573 2659 et
591 2594 716 2681 proprii
735 2593 893 2662 effusione
909 2595 1032 2663 cruoris
1050 2595 1192 2680 quinque
1209 2599 1319 2662 castra

193 2700 291 2769 iortia
307 2702 536 2770 construendo.
564 2701 632 2769 Sed
657 2702 739 2769 licet
761 2701 848 2769 idem
871 2703 943 2772 Rex
957 2705 1007 2772 eis
1024 2709 1145 2772 terram
1160 2701 1319 2770 abstulis-

192 2815 243 2876 set
251 2859 262 2893 ,
279 2806 417 2875 eandem
438 2807 544 2896 ipsam
560 2808 693 2876 tandem
708 2810 852 2878 restituit
860 2861 870 2896 ,
893 2817 929 2879 ut
945 2812 1105 2896 debebat,
1123 2811 1201 2894 quin
1218 2807 1318 2877 etiam

192 2936 250 3006 pro
273 2918 577 3004 reconpensatione
592 2915 807 3006 dampnorum
831 2919 913 3007 ipsis
934 2921 1022 2987 ultra
1043 2925 1173 2987 montes
1195 2915 1317 2986 nivium

191 3029 318 3111 partem
333 3024 472 3091 contulit
482 3024 649 3110 (iomanis,
664 3025 697 3090 in
712 3045 777 3112 qua
792 3047 865 3094 curn
882 3025 961 3094 dicti
976 3027 1133 3112 Magister
1149 3031 1181 3092 et
1196 3025 1318 3092 fratres

192 3138 334 3201 castrum
359 3123 606 3199 munitissimum
632 3134 907 3218 construxissent,
933 3134 1071 3203 Comani
1095 3132 1261 3220 perterriti
1284 3137 1318 3199 et

191 3241 344 3330 dolestos,
358 3237 546 3326 ademptam
570 3238 633 3308 sibi
656 3240 826 3326 ingressus
843 3248 877 3308 et
892 3241 997 3308 exitus
1014 3241 1224 3320 facultatem,
1242 3259 1317 3308 cou-

191 3352 331 3434 gregata
353 3345 479 3432 ingenti
499 3347 706 3438 multitudine
721 3347 920 3416 bellatorum
942 3347 1061 3416 iratres
1080 3345 1161 3414 inibi
1176 3365 1316 3417 commo·

191 3461 303 3524 rantes
318 3453 481 3522 hostiliter
495 3453 625 3540 agressi
641 3453 770 3522 fuerunt
779 3503 789 3539 ,
806 3453 866 3522 sed
880 3453 1024 3522 Domino
1038 3455 1245 3543 propiciante
1261 3452 1317 3524 de·
1434 3441 1441 3456 '

190 3563 287 3647 victi,
306 3562 434 3631 contusi
445 3567 480 3629 et
494 3562 628 3632 reveriti
643 3562 847 3649 destiterunt,
864 3561 942 3650 quin
958 3564 1058 3631 etiarn
1074 3562 1207 3648 quidam
1223 3581 1263 3629 ax
1279 3562 1317 3628 il-

190 3672 232 3740 iis
247 3671 347 3746 dictis
360 3669 517 3747 iratribus
533 3689 570 3738 se
585 3669 782 3756 reddentes,
799 3690 872 3740 cum
887 3672 1043 3742 uxoribus
1060 3679 1094 3740 et
1108 3669 1257 3759 paruulis
1273 3669 1318 3737 ad

190 3779 347 3868 baptismi
368 3775 510 3864 gretiam
530 3777 753 3846 convolarunt.
777 3779 822 3846 At
843 3781 915 3848 Rex
937 3777 1103 3868 predictus
1127 3785 1248 3848 terram
1270 3778 1317 3846 iu-

189 3887 343 3972 gredieus
365 3887 473 3974 ipsam
495 3886 680 3971 cultamque
702 3887 921 3976 perspiciens,
945 3888 1067 3958 iratres
1090 3889 1132 3956 de
1154 3895 1243 3955 terra
1265 3887 1315 3956 eis

188 4015 248 4084 per
264 3991 384 4063 Sedern
398 3993 624 4081 Apostolicam
647 3993 858 4083 confirmata,
881 4005 915 4067 et
937 3999 997 4066 sub
1021 3999 1091 4065 eius
1114 3997 1317 4085 protectione

188 4109 361 4190 suscepta,
378 4103 504 4189 expulit
519 4103 695 4188 violenter,
719 4123 816 4188 quam
840 4113 876 4172 tu
891 4106 1018 4174 detines
1035 4112 1230 4192 occupatam
1251 4125 1316 4172 uon

189 4211 320 4295 cbsque
331 4209 479 4280 Romans
491 4211 641 4280 Eooiosie
655 4211 777 4298 injuria
792 4213 988 4302 manifesta,
1005 4233 1078 4284 oum
1094 4213 1210 4281 eadem
1226 4219 1316 4280 terra

187 4315 310 4384 nubum
339 4324 449 4404 preter
479 4317 661 4388 Romanum
685 4319 874 4389 Pontificem
906 4319 1032 4392 habeus
1063 4320 1230 4388 Prolatum
1260 4319 1316 4388 rel

186 4424 388 4512 Episcopum
396 4473 407 4511 ,
424 4424 531 4495 eidem
545 4427 695 4496 &clasis
709 4425 792 4498 duas
807 4447 938 4498 mmcas
961 4429 1035 4497 auri
1057 4447 1117 4516 pro
1133 4445 1234 4495 censu
1250 4427 1315 4494 sol-

178 4538 281 4600 -reret
302 4534 492 4622 aunuatim,
516 4540 549 4602 at
571 4538 719 4622 quamuis
741 4536 865 4623 pluries
886 4543 955 4606 tam
977 4535 1126 4623 predicto
1141 4533 1229 4622 patri
1246 4541 1313 4619 tuo,

171 4657 283 4722 -quaur
307 4639 368 4709 tibi
392 4639 589 4712 admtuoeas
610 4663 736 4737 preces,
760 4645 884 4718 monita
899 4644 1076 4738 diligentia
1091 4641 1315 4724 ditaremus,
