3234 5072
715 273 757 341 35

656 365 813 374 -.-‚-------

172 469 725 538 111111111111111111111111.
757 471 795 534 In
826 469 940 556 Gupan
970 470 1017 554 bij
1050 479 1125 539 sunt
1154 473 1289 558 equites,
1318 480 1320 488 '

173 581 270 664 Rota,
287 581 433 663 Dobrou,
451 580 569 664 Gureu,
586 578 746 666 Hyldehu,
779 577 900 662 Halidi,
927 579 1042 665 Ereou,
1059 581 1180 666 Suttoe‚
1195 585 1291 668 Secu,

172 687 280 774 Jutus,
297 689 396 774 Hylu,
421 687 559 773 Oroduo,
577 689 692 775 Guete,
713 674 967 774 Mutina-Tala,
994 689 1112 775 Tunik,
1138 691 1293 778 Maglout,

174 795 311 884 Inlryar,
337 796 498 884 Catapan,
524 798 593 864 ldor
617 836 660 845 —
676 835 719 846 -
748 798 859 882 Vgrin‚
880 799 987 886 Petyr,
1012 787 1143 866 11111-
1158 800 1295 888 -Sap,

173 905 293 988 Tbatu,
318 903 439 989 Sekeb,
463 905 564 972 Herdi
594 907 730 992 Miratb,
762 905 870 973 Helia.
903 907 941 972 In
972 897 1131 993 Foroosig'
1158 910 1294 996 Ereuca,

175 1013 289 1098 Etbes,
314 1014 437 1098 Bekes,
460 1013 569 1098 Moda,
595 1015 726 1100 (insula,
743 1050 787 1063 -
803 1049 847 1060 -·-
864 1051 907 1060 -
923 1013 1046 1080 Vrubdi
1061 1050 1105 1064 -
1121 1049 1164 1063 -
1180 1017 1217 1084 ln
1232 1017 1295 1083 Ke-

175 1123 283 1187 telooa
299 1122 425 1204 Kelem,
442 1121 513 1203 Vla,
531 1121 636 1200 Yuau,
657 1123 799 1208 Magudi,
826 1123 900 1188 Bor.
924 1121 961 1188 In
987 1120 1168 1190 Pannanod
1191 1123 1295 1206 deba,
1403 1183 1405 1188 .

174 1229 242 1316 lut,
259 1229 413 1324 Gugnret,
428 1231 538 1312 Zacel,
554 1231 681 1313 Eleate,
698 1229 824 1316 Deged,
850 1228 968 1314 Dauid,
992 1229 1151 1317 Nemand,
1177 1231 1293 1300 Heten.

174 1335 252 1404 rllali
267 1335 400 1406 decreto
417 1337 464 1404 hii
479 1339 604 1422 equites
621 1338 820 1406 monasterio
835 1337 1031 1420 ministrent.
1057 1339 1162 1405 Arent
1187 1339 1296 1413 dietas
1319 1363 1394 1386 “r

174 1443 279 1530 nemi,
295 1446 465 1530 autumpni
482 1453 514 1510 et
530 1446 627 1512 estiui
643 1447 737 1534 Vllll
752 1445 833 1529 dies,
858 1429 979 1532 postea
1004 1451 1135 1530 metunt,
1162 1463 1297 1531 congre·
1314 1485 1316 1492 ,

176 1561 255 1636 gant
271 1553 306 1620 in
322 1555 447 1638 horrea,
468 1554 639 1638 triturant,
665 1553 796 1620 trabunt
824 1551 867 1618 ad
898 1552 1129 1633 molendinum,
1154 1553 1298 1624 indeed

176 1663 430 1749 monasterium
453 1669 543 1728 stant
575 1663 608 1726 iu
634 1659 829 1748 septimana,
853 1671 992 1748 pascunt
1018 1663 1162 1728 iumenta
1186 1683 1298 1730 mona-

177 1771 278 1854 sterii,
295 1769 414 1852 siquid
430 1767 563 1853 dampni
577 1761 766 1854 fuerit,'ipsi
781 1770 1007 1853 septimanarii
1025 1770 1226 1854 persoluunt;
1246 1790 1298 1838 ca-

178 1875 340 1946 lefaciunt
355 1878 484 1944 stubam
501 1884 532 1943 ot
542 1878 704 1946 clibanum
714 1877 839 1944 mixtim
849 1897 921 1942 cum
938 1877 1122 1945 aratoribus
1139 1883 1171 1944 et
1181 1879 1297 1946 uinito-

180 1985 271 2054 ribus
285 2010 292 2072 ;
305 1987 429 2053 nubunt
438 1985 659 2071 undecunque,
671 1985 800 2052 tradunt
809 1985 892 2052 filias
904 2005 981 2052 suas
993 2006 1181 2071 quocunque
1194 1987 1300 2053 uolue-

178 2096 252 2162 rint.
262 2097 346 2162 Item
355 2101 503 2162 aratores
520 2097 552 2160 in
563 2095 678 2180 Cupan
690 2117 696 2158 :
709 2095 813 2177 Yuan,
824 2093 883 2160 filii
898 2094 978 2179 eius,
995 2095 1153 2178 Poscuba,
1165 2095 1299 2180 Zabtour,

180 2205 299 2289 Ratun,
315 2203 487 2280 Scekeres,
503 2203 636 2286 Lahtur,
647 2201 751 2288 Topu
768 2201 867 2286 Tune,
884 2201 1009 2287 Bokon,
1020 2199 1164 2285 Woiadi,
1179 2203 1300 2288 Scinet,

181 2311 297 2396 sigili,
317 2309 492 2397 Humbadi,
509 2311 647 2396 Bynadi.
659 2312 696 2378 In
711 2311 816 2396 Kyar·
832 2312 958 2378 Turdus
972 2315 1138 2377 aratores:
1154 2313 1301 2398 Rodoen,

181 2417 329 2504 Waradi,
342 2419 467 2488 Coluba
480 2420 652 2504 ,uinitores
666 2442 673 2482 :
686 2419 830 2504 Curmes,
841 2419 962 2504 Sekeb,
971 2405 1140 2504 Chomudi
1155 2418 1300 2508 8111111-

182 2529 272 2612 oula,
288 2527 432 2612 Descbu,
450 2525 600 2612 Soonuon,
618 2527 758 2610 Monom,
768 2527 940 2604 Soumolru,
956 2523 1100 2594 Maubat.
1117 2528 1155 2594 In
1170 2527 1301 2614 Arpad:

181 2637 325 2721 Qneesa,
341 2637 467 2720 Zakan,
492 2636 598 2720 Ketel,
623 2634 747 2717 Tieadi,
774 2638 876 2716 Onna,
902 2633 1096 2722 Felreteydi,
1123 2631 1204 2718 Oba,
1233 2637 1301 2702 Mo·

183 2743 288 2830 gurdi,
306 2745 472 2826 Scemsca,
490 2746 572 2810 etin
588 2744 663 2810 aliis
679 2744 759 2810 locis
776 2750 918 2810 arantes.
942 2744 1017 2809 Tali
1033 2751 1152 2830 tenore,
1177 2749 1212 2810 ut
1234 2765 1298 2810 non

183 2855 311 2938 possint
336 2851 458 2944 nubere
482 2853 625 2934 aliunde,
654 2873 778 2937 necque
801 2855 932 2922 tradere
957 2853 1047 2920 filias
1068 2871 1148 2922 suas
1171 2850 1308 2940 alienis,

182 2961 245 3028 sed
260 2965 348 3030 intra
372 2947 408 3028 se
433 2965 523 3050 ipsos
547 2962 680 3047 nubant,
707 2971 740 3029 et
763 2963 847 3029 filios
873 2982 983 3029 eorum
1007 2967 1063 3029 aut
1086 2961 1173 3030 filias
1198 2963 1302 3048 possit

183 3067 299 3136 Abbas
315 3069 475 3138 deducere
492 3071 535 3138 ad
551 3069 685 3155 curiam,
701 3079 733 3176 11
748 3069 835 3138 filias
852 3073 892 3139 ad
907 3071 1047 3158 pysalia.
1073 3068 1234 3156 Quicquid
1251 3091 1300 3138 se-

184 3179 382 3246 minauerint
406 3188 462 3246 aut
487 3181 689 3264 messuerint,
706 3177 872 3248 dimidiam
887 3187 1014 3268 partem
1029 3179 1149 3266 accipit
1162 3181 1300 3267 prestol-
1419 3209 1425 3220 ·

164 3287 250 3354 dus
265 3287 405 3356 Abbatis
421 3289 631 3372 monasterio,
649 3296 681 3354 11
707 3287 843 3355 dimidia
863 3307 941 3372 pars
958 3277 1138 3354 remanebit
1162 3289 1239 3376 illis,
1264 3289 1304 3356 de
1327 3281 1329 3286 ’

185 3415 254 3480 qua
282 3403 377 3483 parte
407 3397 574 3484 autumpni
604 3403 747 3480 tempore
788 3393 958 3492 1111111111
955 3414 1129 3488 capones
1140 3415 1244 3472 auene
1260 3397 1304 3462 ad
1385 3408 1392 3426 ·

186 3501 357 3592 prebenda
373 3525 542 3597 equorum,
566 3525 627 3571 uec
652 3523 783 3606 noum
741 3504 773 3569 X
784 3505 887 3604 ulnas
895 3475 1038 3604 telarum
1053 3503 1096 3568 ad
1112 3504 1304 3600 1111111111111

186 3611 331 3681 Abbatis
346 3649 390 3660 -
406 3652 449 3664 -
465 3614 621 3696 brasium,
636 3619 744 3681 terunt
716 3587 892 3696 milium,
909 3619 941 3678 11
957 3595 1074 3698 postea
1099 3588 1191 3679 minti
1216 3613 1304 3695 equi-

185 3725 238 3786 tes
263 3742 336 3788 cnm
361 3723 543 3790 aratoribus
569 3731 603 3788 et
627 3719 819 3789 uinitoribus
843 3721 978 3786 ueniunt
1002 3719 1044 3786 ad
1075 3721 1306 3788 monasterium

188 3847 264 3896 cunr
279 3831 446 3898 securibus
464 3838 496 3896 11
512 3831 653 3915 uiatiois,
670 3836 843 3916 operantes
869 3829 1021 3913 quioquid
1048 3831 1095 3896 eis
1119 3829 1303 3918 precipitur.

187 3937 371 4006 Pellidces:
410 3941 515 4018 Nona,
546 3939 669 4020 Buatir,
701 3935 857 4025 Keseydi,
881 3937 1025 4021 Boleom,
1041 3938 1150 4005 Seudi.
1182 3938 1303 4004 Fabri:

187 4049 310 4132 Longu,
343 4046 464 4128 Pisibe,
495 4045 609 4130 Bodin,
635 4045 763 4113 Bicbor.
796 4045 994 4114 Dolarores:
1030 4045 1169 4127 Gedesa,
1201 4045 1306 4131 Duda,

186 4154 350 4240 Pagandi,
365 4154 481 4222 Bodiu.
506 4155 726 4222 Tornatores':
747 4153 863 4238 Buadi,
879 4155 997 4238 Benus,
1014 4151 1084 4231 Aci,
1109 4154 1233 4234 Regna,
1249 4155 1307 4220 ldi-
1391 4147 1393 4156 ’

189 4263 295 4330 abael.
325 4263 447 4346 Ooqui:
484 4263 615 4348 Fonsol‚
646 4261 767 4348 Witeu,
798 4264 946 4346 Pesceta,
977 4259 1103 4346 Vuglis.
1141 4260 1304 4328 Pistores:

188 4373 301 4456 Guna,
326 4371 452 4450 Wevdi,
478 4371 646 4458 Resougis,
674 4371 795 4456 Gerga.
820 4373 993 4437 Pastores:
1018 4368 1140 4454 Zolnio,
1167 4367 1307 4455 Chozug.

188 4484 309 4550 Pastor
317 4480 522 4548 subulcorum
534 4505 542 4547 ε
555 4482 649 4548 Hele.
659 4481 710 4548 No
727 4481 895 4565 scrupulus
906 4477 1177 4548 remaneathulus
1187 4479 1309 4547 cartule

188 4589 330 4676 scriptor
362 4591 469 4658 extitit
500 4587 660 4676 Seraphin
692 4589 889 4676 Capelianus
929 4587 1031 4671 Regis
1061 4585 1223 4727 1111111111]
1255 4587 1308 4668 qui

1129 4693 1150 4759 3
