3222 5054
790 307 949 409 lii.-

309 510 345 570 ut
361 504 410 569 eis
427 507 544 568 terram
562 503 668 588 ipsam
687 501 867 571 liberaliter
882 501 1083 587 redderetis;
1104 519 1310 586 nequaquam
1327 505 1437 566 tamen

311 611 427 680 fuimns
452 611 616 695 exauditi,
641 611 718 695 quin
740 613 849 698 potins
875 611 961 680 idem
986 610 1144 694 Magister
1168 608 1211 675 ad
1233 607 1439 676 Presentianr

311 721 445 806 Regiam
469 721 503 787 in
523 739 581 806 spe
602 727 738 787 vocatus
760 721 933 806 secedens,
957 719 1133 787 frustrans
1156 715 1254 785 rediit
1277 715 1438 802 fatigatus

308 829 418 897 multis
441 828 611 896 laboribus
627 836 660 894 et
675 829 830 912 expensis
853 826 938 896 alios
955 827 1060 895 Domo
1078 846 1140 894 sna
1163 830 1299 912 propter
1313 822 1374 890 boc
1390 828 1439 888 at·

308 939 385 1005 trita
407 937 509 1006 variis
527 943 560 1003 et
577 937 763 1005 enormibus
783 935 998 1005 detrimentis.
1028 937 1080 1002 Ne
1103 933 1203 1020 igitur
1225 929 1440 998 inexorabilis

308 1045 451 1114 videaris
460 1093 470 1128 ,
487 1045 536 1129 si,
553 1046 641 1128 quod
657 1045 761 1131 absit,
782 1045 935 1112 seductus
952 1045 1065 1131 pranis
1083 1037 1354 1126 suggestionibus
1369 1055 1440 1105 rne-

307 1154 469 1239 lignornm
491 1151 627 1220 reddere
653 1173 791 1230 renuas,
814 1173 877 1238 qne
901 1167 966 1218 non
997 1157 1091 1238 potes
1115 1152 1212 1217 salva
1235 1146 1440 1214 conscientie

307 1261 460 1346 retinere,
485 1260 702 1332 Serenitotem
726 1267 815 1326 tuam
838 1279 1014 1344 rogamus,
1036 1273 1205 1326 monemus
1222 1261 1255 1321 et
1270 1253 1437 1322 bortnmar

308 1367 342 1433 in
357 1368 506 1452 Domino,
530 1369 563 1434 in
581 1367 807 1436 remissionem
825 1376 951 1436 tuorum
974 1366 1200 1454 peccaminum
1218 1365 1436 1450 iniungentem

309 1483 469 1559 qnatenus
493 1475 692 1544 conscientie
711 1482 744 1543 et
762 1476 849 1542 lame
869 1483 925 1544 tue
950 1475 1129 1542 sulubriter
1153 1475 1345 1558 consulens,
1363 1491 1435 1539 cnm

308 1589 477 1670 peecatum
496 1583 627 1650 minime
642 1584 824 1650 remittatur
840 1581 903 1650 nisi
919 1583 1112 1650 restituatur
1127 1581 1292 1662 ablatum,
1309 1577 1435 1648 eisdem

308 1689 466 1776 Magistro
484 1697 517 1756 et
531 1689 685 1758 iratribus
708 1691 865 1759 restituas
888 1697 1009 1759 terram
1034 1690 1155 1778 ipsam,
1177 1691 1220 1756 de
1236 1689 1387 1774 dampnis
1403 1693 1436 1753 et

309 1798 464 1882 irrogatis
488 1797 614 1881 injuriis
638 1797 895 1866 satisfactionem
917 1819 1096 1883 congruam
1124 1797 1362 1884 impendendo;
1388 1797 1436 1862 ita

309 1905 398 1990 qnod
420 1903 551 1972 veritati
567 1923 668 1972 verax
685 1905 829 1974 existens
853 1912 886 1971 te
903 1906 951 1972 illi
967 1903 1086 1974 reddas
1110 1906 1274 1992 placidum
1291 1909 1325 1970 et
1341 1923 1433 1970 aeee

311 2019 413 2099 ptnnr,
435 2010 491 2095 qui
514 2019 669 2099 receptos
685 2009 833 2098 provehit
855 2011 906 2078 ins
921 2011 1041 2080 alutem
1059 2019 1091 2078 et
1107 2031 1167 2080 nos
1184 2013 1243 2079 tibi
1258 2011 1435 2079 constitnu-

307 2141 377 2186 mur
393 2119 512 2188 exinde
526 2141 592 2188 non
607 2121 767 2188 immerito
782 2119 957 2189 debitores.
982 2121 1104 2188 Datum
1122 2122 1278 2192 Laterani
1294 2121 1348 2190 VI.
1364 2119 1433 2188 bal.

307 2227 397 2294 Maii.
414 2227 624 2297 Pontificutns
639 2226 742 2298 nostri
758 2248 845 2296 anno
861 2229 900 2294 V.

307 2397 445 2471 (Teumob
459 2397 492 2456 ds
504 2401 679 2472 simeones,
693 2403 928 2461 Urlrnndenbueh
941 2421 993 2460 zur
1006 2402 1181 2466 Gesehiehte
1193 2384 1433 2479 Siebenbdrgrns,

772 2494 793 2548 1.
808 2493 868 2551 res.
882 2493 926 2548 so.
940 2493 973 2571 1.)

736 2765 988 2782 Μ

831 3075 908 3144 181.

304 3250 363 3317 IX.
378 3249 512 3341 Gcrpely
520 3255 613 3342 pdpo
628 3273 650 3317 a
665 3253 805 3320 hermini
813 3255 940 3342 propola
955 3253 1034 3323 allen
1050 3255 1140 3322 emsa
1158 3256 1349 3343 cremebodpi
1366 3256 1431 3323 odd

639 3361 775 3450 Epytiden
789 3363 976 3431 intdzkedilc.
992 3365 1091 3431 1232.

409 3537 587 3624 Gregorius
599 3539 781 3627 Episcopus
797 3558 913 3610 seruus
928 3561 1095 3612 seruorum
1107 3543 1171 3612 Dei
1185 3541 1431 3613 venerabilibus

300 3641 513 3712 tratribus...
529 3647 783 3736 Archiepiscopo
808 3649 984 3720 Goloeenui
1006 3657 1097 3721 et...
1114 3653 1280 3739 Episcopo
1304 3651 1428 3736 Zagrus

298 3750 425 3834 bienni,
441 3758 475 3818 et
490 3751 608 3822 dilecto
622 3754 708 3823 fibo.
720 3803 749 3822 ..
766 3757 937 3844 Pteposito
955 3759 1069 3826 Sancti
1083 3759 1253 3828 Laurentii
1269 3757 1427 3828 Ooloeen·

298 3857 346 3928 sis
364 3856 515 3928 Dioeesis
539 3863 680 3932 salntem
701 3870 735 3932 et
752 3865 978 3952 Apostolioam
1001 3867 1273 3936 benedictionem.
1297 3867 1426 3940 Graues

299 3972 333 4032 et
348 3985 496 4036 enormes
511 3971 709 4038 venerabilis
724 3971 835 4040 trabis
851 3971 954 4041 nostri
964 4021 993 4041 ..
1010 3975 1169 4062 Episcopi
1184 3975 1227 4043 de
1241 3975 1356 4052 Boane
1371 3995 1425 4044 ex-

299 4091 412 4141 cessus
427 4080 462 4140 et
479 4076 648 4163 maculas,
672 4097 737 4163 qne
759 4098 864 4165 nuper
886 4087 999 4152 nostro
1015 4089 1092 4152 sunt
1107 4083 1316 4170 Apostolatni
1338 4100 1425 4151 rese

299 4185 392 4263 rata,
415 4195 481 4248 non
503 4183 669 4266 potuimus
684 4185 852 4272 obaudire,
879 4209 923 4256 ne
945 4190 1049 4277 ipsius
1073 4192 1188 4278 culpes
1210 4197 1340 4258 nostros
1355 4188 1423 4258 effi-

298 4305 373 4354 cere
386 4288 567 4376 nideomnr,
586 4290 708 4376 fiatque
722 4294 835 4362 anime
851 4301 964 4365 nostra
978 4317 1039 4385 pro
1055 4297 1126 4368 eius
1142 4297 1253 4366 anime
1267 4303 1426 4381 mquam

299 4393 405 4476 ipsnm
420 4397 455 4462 in
469 4395 539 4465 suis
553 4397 782 4484 iniquitatibus
799 4399 979 4474 teneamus.
1000 4405 1092 4475 Idem
1107 4405 1195 4474 enim
1203 4455 1213 4492 ,
1230 4403 1318 4474 sient
1332 4421 1425 4474 acee-

298 4495 420 4583 pimns,
435 4499 661 4586 imperfectum
676 4525 770 4576 sunm
785 4509 918 4578 minime
932 4529 1192 4598 recognoscens,
1209 4517 1323 4597 utpote
1338 4511 1424 4586 litte

299 4601 379 4670 ratis
396 4622 513 4698 expers
527 4610 675 4706 scientie,
689 4633 730 4692 ab
745 4615 958 4694 hereticorum
973 4618 1123 4706 publicus
1138 4618 1348 4708 desemntor3
1364 4639 1424 4714 per
