3214 5066
808 349 966 450 Q

330 549 467 614 dionalis
485 547 585 633 partis
602 545 665 610 iam
682 543 769 608 dicte
792 551 999 628 separatum
1026 551 1058 610 et
1083 545 1127 612 ibi
1153 547 1372 634 terminarent.
1405 548 1448 613 Et

329 654 390 722 hoo
415 657 495 742 ipsi,
520 662 555 722 vt
574 651 766 737 allegabant
781 658 910 719 matura
925 652 1167 724 deliberacione
1182 657 1267 722 inter
1282 657 1372 743 ipsos
1389 655 1446 724 ha·

327 763 397 829 bita
406 813 416 850 ,
434 783 475 830 ea
490 765 531 830 de
547 781 647 829 cansa
664 761 821 828 fecissent
829 811 838 844 ‚
856 761 933 845 quia
948 763 1109 848 particula
1124 770 1209 831 terre
1225 765 1375 851 superius
1391 785 1446 832 no-

327 871 451 938 minata
475 869 612 935 ecclesie
637 888 745 934 eorum
772 867 951 952 parochiali
977 869 1084 937 vicina
1100 879 1190 938 essct
1205 877 1237 939 et
1252 872 1446 958 propingnn,

326 977 386 1048 tali
401 976 606 1062 obligacione
622 983 655 1041 et
669 975 871 1058 granaminis
888 976 1006 1072 honere
1022 977 1223 1064 interposito,
1240 981 1327 1062 qnod
1343 999 1445 1062 quan·

326 1087 497 1171 docunque
521 1085 677 1172 temporis
701 1085 733 1150 in
759 1104 912 1152 successu
939 1086 1004 1171 ipsi
1028 1093 1084 1152 aut
1110 1107 1219 1154 eorum
1240 1090 1445 1175 superstites,

326 1196 442 1279 quibus
458 1195 639 1281 prescripta
655 1195 825 1280 possessio
842 1195 984 1280 ipsorum
1002 1193 1238 1282 deuolueretnr,
1248 1199 1444 1284 prelibatam

325 1309 411 1370 terre
436 1303 627 1390 particulam
654 1321 718 1369 vna
743 1321 814 1370 cnm
840 1304 979 1390 virgulto
1005 1307 1179 1388 sexaginta
1202 1307 1316 1393 iugera
1347 1306 1443 1373 modo

325 1415 485 1506 premisso
502 1413 533 1480 in
552 1431 589 1488 se
606 1414 790 1478 continente
807 1411 847 1479 de
862 1413 1044 1500 prescripta
1061 1415 1202 1483 ecclesia
1227 1424 1445 1502 sequestrare,

324 1527 470 1595 alienare
496 1527 528 1588 et
552 1522 684 1588 auterre
700 1519 904 1587 intenderent
919 1521 969 1588 vel
987 1522 1162 1590 sufferrent
1177 1523 1273 1592 modo
1288 1523 1443 1610 aliquali;

324 1643 442 1704 extunc
459 1629 632 1698 anathema
648 1629 730 1695 Jcso
746 1611 872 1712 Deique
888 1628 1136 1716 Omnipotentis‚
1154 1641 1186 1699 et
1201 1633 1296 1702 Beati
1311 1633 1444 1699 Martini

324 1741 486 1830 pontificis
511 1738 766 1823 indignationem
783 1737 981 1806 incurrerent
997 1739 1069 1824 ipso
1086 1738 1182 1808 lacto.
1215 1741 1252 1807 In
1277 1741 1371 1807 cuins
1397 1741 1445 1806 rei

323 1851 512 1919 memoriam
537 1853 757 1932 perpetueque
790 1846 978 1912 stabilitatis
1009 1848 1241 1918 incrementum
1273 1855 1445 1935 presentes

322 1959 449 2025 litteras
472 1963 605 2022 nostras
625 1954 849 2040 priuilegiales
866 1941 991 2023 eisdem
1007 1956 1185 2024 comitibus
1201 1956 1351 2025 duximus
1367 1975 1443 2023 ecn-

323 2065 487 2136 ccdendas
504 2063 676 2151 pendentis
693 2063 793 2149 sigilli
810 2064 910 2130 nostri
927 2065 1103 2132 monimine
1119 2065 1299 2132 roboratae.
1322 2065 1442 2148 Datum

321 2177 355 2242 in
371 2176 451 2244 villa
466 2171 566 2258 ripun¹
579 2178 724 2258 tempore
745 2173 994 2256 conuocacionis
1018 2180 1129 2241 nosue
1154 2173 1318 2255 generalis
1346 2179 1441 2240 sexto

321 2281 489 2350 Kalendas
514 2278 634 2346 mensis
659 2277 855 2345 Nouembris
881 2300 966 2346 anno
993 2281 1036 2346 ab
1059 2281 1288 2352 Incaruatione
1308 2260 1468 2348 Domini'

320 2392 363 2458 Μ.
381 2390 443 2458 GC.
460 2389 585 2456 decimo
602 2393 726 2454 octauo.
759 2388 829 2454 Hoc
854 2409 918 2455 non
945 2390 1107 2471 obmisso,
1133 2393 1218 2474 quod
1245 2391 1353 2458 omnia
1368 2411 1440 2476 pre-

321 2501 423 2570 missa
446 2517 504 2584 per
528 2495 690 2584 predictos
707 2498 834 2566 nobiles
851 2497 979 2566 suerunt
995 2499 1266 2568 testamentalitcr
1280 2499 1391 2584 legata
1408 2504 1441 2567 et

264 2657 266 2662 -
320 2608 399 2675 data
415 2607 555 2674 ecclesie
571 2607 684 2674 Sancti
696 2605 824 2673 Martini
839 2627 947 2674 coram
964 2607 1101 2676 testibus
1117 2607 1204 2674 infra
1219 2605 1438 2691 declarandis,

320 2715 473 2784 uidelicet
487 2711 657 2798 lliohaele,
675 2715 826 2799 Martino,
841 2715 1017 2782 Benedicto
1034 2721 1065 2782 et
1081 2714 1237 2802 Boynoob
1257 2713 1437 2782 comitibus

319 2830 353 2891 et
368 2823 514 2910 patronis
529 2821 667 2890 ecclesie
683 2823 878 2910 supradicte.

682 3016 738 3090 (Ae
757 3017 864 3075 eredeti
882 3016 950 3074 ntdn
969 3017 1068 3090 eunt).
