3214 5066
654 343 812 456 Q..

169 531 284 611 seruos
300 561 337 610 se
352 541 500 610 Ecclesic
514 538 615 608 fuisse
631 548 706 608 sunt
722 543 872 614 confessi.
905 544 995 624 Quos
1011 563 1081 631 nos,
1097 551 1192 630 prout
1208 548 1286 616 ordo

168 650 324 737 exigebat
339 651 468 717 iusticie
481 651 573 716 iuxta
588 648 788 720 infidelitatis
813 673 923 721 eorum
949 653 1098 720 meritum
1115 653 1284 741 condemp-
1355 738 1359 749 ι

131 830 135 839 ,
168 759 298 845 nando,
323 759 450 826 scilicet
465 777 571 856 Nnasos
588 760 730 850 ipsorum
746 771 840 828 assos
855 760 975 828 Abbati
991 759 1157 848 sepedicta
1174 763 1286 830 Eccle

168 869 216 934 sie
232 867 439 936 tradidimus.
465 867 605 936 Nomina
620 888 698 937 uero
715 870 841 937 illorum
856 889 1022 958 seruorum
1039 878 1113 938 sunt
1128 859 1207 938 hec:
1227 872 1285 939 Gu-

168 975 243 1062 cha,
268 975 383 1059 Vnica,
410 977 541 1063 Forcos,
566 979 655 1056 Pete,
681 979 993 1065 mys-lamecum,
1010 980 1141 1066 Paulus,
1158 982 1286 1072 Partus,

168 1083 278 1152 Zuedc
295 1091 327 1152 et
343 1086 450 1152 cuncti
464 1087 595 1172 cognati
611 1087 806 1155 eorundem·
826 1089 868 1155 Et
891 1107 932 1156 ne
952 1081 1082 1156 labente
1098 1108 1193 1158 cursu
1208 1095 1285 1156 tem-

168 1193 256 1280 poris
272 1192 333 1260 hec
349 1193 382 1260 in
397 1201 510 1261 nostra
524 1195 696 1280 presentia
713 1202 806 1283 gesta
830 1217 852 1264 a
875 1196 1030 1266 memoria
1044 1196 1208 1266 hominum
1224 1199 1285 1265 tol·

168 1301 217 1367 lat
233 1299 375 1385 obliuio,
389 1303 579 1394 testimonio
593 1305 754 1388 presentis
769 1305 890 1392 pagine
907 1305 1133 1373 commendata
1149 1305 1285 1373 auctori·

169 1415 237 1474 tate
253 1407 355 1493 sigilli
370 1409 472 1476 nostri
487 1410 722 1480 roborauimus.
859 1387 879 1434 ⁰

168 1565 313 1656 (Eredetie
326 1603 344 1641 a
357 1584 567 1670 ssent-martem
580 1587 732 1662 ib'apdtsdg
743 1588 948 1648 lesdltdrab'on.
962 1589 1040 1648 Ezen
1049 1589 1196 1650 iteletetis
1208 1575 1288 1666 meg-¹

470 1675 615 1738 erdsltatte
628 1679 664 1736 Π.
678 1680 771 1738 Endre
783 1679 877 1755 kirtly
891 1682 985 1752 1229.)
1213 1690 1220 1699 '

594 1947 832 1974 rem-...m-

708 2243 764 2310 al.
1032 2304 1034 2308 .
1259 2231 1288 2284 Ὁ
1350 2319 1353 2326 ,

165 2393 287 2508 Miletos
300 2423 402 2491 modos·
416 2421 517 2488 odor
527 2423 595 2489 Fora
609 2423 783 2510 belyedgbeo
800 2425 867 2490 leod
875 2422 990 2510 jezael
999 2423 1097 2511 felett
1113 2451 1134 2494 o
1141 2450 1285 2519 pannon·

243 2557 247 2574 ·
349 2529 1124 2622 immicaret-momoniapooopammosa.1220.
1225 2617 1227 2623 Ι

272 2713 429 2804 Nicolaus
445 2709 508 2778 Dei
521 2711 630 2796 gratia
646 2712 813 2798 Palatinus
827 2721 860 2781 et
876 2713 992 2782 Comes
1009 2715 1050 2782 de
1065 2717 1195 2803 Suprun
1210 2716 1283 2786 vni·
1312 2753 1315 2761 ,

166 2822 271 2892 uersis
286 2840 423 2908 presens
449 2820 603 2906 scriptum
627 2820 823 2908 inspecturis
840 2825 979 2891 salutem
995 2827 1029 2890 et
1043 2844 1138 2892 omne
1153 2823 1282 2895 bonum.

101 2947 106 2956 '
164 2930 216 2998 Ad
230 2921 454 3000 uniuersorum
469 2929 624 2996 noticiam
640 2931 786 2998 volumus
800 2933 990 3018 pervenire.
1020 2933 1105 3018 quod
1121 2935 1286 3003 constituti

167 3059 277 3108 coram
302 3038 396 3106 nobis
419 3037 532 3104 Abbas
558 3036 653 3104 Beati
679 3027 811 3107 Martini
827 3045 861 3106 ct
876 3039 1060 3128 Capitulum
1076 3043 1145 3108 eius
1162 3061 1203 3110 ex
1218 3063 1283 3112 vna

164 3155 270 3234 parte,
287 3147 454 3214 oduornici
469 3146 570 3232 Regis
586 3152 619 3213 et
633 3149 746 3232 populi
756 3149 879 3232 Regino
895 3155 1140 3234 castrensesque
1151 3153 1284 3238 Vespri·

165 3259 306 3324 mienses
323 3246 505 3340 exalteris,
532 3255 700 3340 proposuit
715 3255 828 3322 Abbas
844 3275 916 3324 cum
932 3255 1081 3343 Capitnl'o
1098 3277 1157 3324 suo
1166 3308 1175 3344 ‚
1193 3258 1282 3344 quod

163 3366 268 3432 tercia
283 3383 361 3450 pars
376 3370 461 3430 terre
477 3369 726 3430 memoratorum
745 3365 954 3450 populorum,
970 3384 1032 3450 quo
1051 3365 1167 3432 dicitur
1187 3367 1279 3436 Fenu

165 3475 197 3539 in
212 3475 264 3540 ius
279 3473 428 3539 Ecclesia
444 3491 553 3539 eorum
570 3471 721 3556 cederet,
737 3473 868 3559 insuper
883 3473 980 3568 iidem
995 3473 1108 3560 populi
1123 3473 1281 3542 deberent

164 3587 285 3650 terram
310 3581 441 3650 adduc
466 3587 594 3669 araba,
619 3601 715 3668 quam
740 3603 780 3650 ex
806 3580 983 3649 donacione
1005 3585 1113 3670 ipoliti
1128 3583 1280 3652 Ecclesia

131 3678 133 3682 ’
162 3690 308 3776 ipsorum
323 3690 366 3756 ab
382 3691 514 3774 antiquo
529 3691 738 3777 possederat;
765 3710 901 3774 cumque
924 3692 1052 3778 populis
1068 3693 1216 3778 negando
1234 3713 1283 3760 re·

152 3789 354 3866 'sistentibus
370 3798 483 3866 Abbas
498 3797 590 3867 iuxta
605 3807 749 3866 nostram
775 3801 973 3867 sentenciam
992 3801 1176 3869 testimonio
1192 3801 1281 3888 Hep-

161 3906 245 3974 drici
271 3907 404 3974 Comitis
429 3914 463 3974 et
488 3909 625 3974 aliorum
651 3909 859 3995 plurimorum
885 3916 1054 3994 utrumque
1080 3912 1278 3998 propositum
1380 3931 1381 3934 ’

161 4034 256 4082 soum
271 4021 491 4101 competenter
509 4015 748 4103 approbasset,
771 4017 915 4088 uolentes
932 4018 1026 4086 dictis
1042 4019 1169 4107 populis
1185 4019 1281 4087 satis·

159 4125 272 4193 iacere
288 4123 411 4191 Abbati
426 4124 552 4210 prelato
576 4129 609 4190 et
633 4125 786 4192 iratribus
803 4127 870 4194 suis
886 4145 957 4194 cum
975 4127 1100 4195 (lomite
1116 4125 1281 4214 Heydrico

162 4237 404 4303 sacramentnm
427 4233 599 4320 superbis
625 4235 885 4314 committendum
901 4236 1165 4305 adiudieaoimus.
1198 4239 1276 4306 (ium

161 4345 260 4428 igitur
288 4342 332 4409 ad
351 4344 576 4430 complendum
593 4351 829 4412 sacramentum
845 4343 987 4412 debitum
1003 4344 1206 4414 adstitissent
1220 4366 1278 4432 po·

161 4452 230 4537 puli
247 4451 422 4537 pretaxati
438 4431 710 4536 recognoscentes
726 4473 761 4520 se
777 4471 799 4518 a
813 4461 1017 4521 sacramento
1033 4455 1159 4521 illorum
1175 4462 1281 4525 retra-

164 4565 282 4626 xerunt
298 4565 332 4625 et
346 4577 461 4645 preces
478 4559 630 4628 assiduas
644 4564 848 4648 porrigentes
864 4581 937 4628 eum
951 4567 1114 4630 'consensu
1129 4565 1280 4649 plurimo·

165 4685 232 4734 rum
256 4667 414 4736 bonorum
440 4668 601 4736 hominum
626 4670 875 4738 conuencionem
890 4673 989 4739 talem
1004 4691 1076 4739 cum
1090 4673 1218 4742 Abbate
1233 4671 1280 4737 ie·
1327 4693 1331 4700 ·
