3214 5066
262 985 270 998 „
338 987 402 1080 III.
419 1011 580 1078 Honorius
589 1014 682 1099 pcipe
696 1003 932 1098 mcpbopqp‘o'oz
948 1011 1129 1098 esztcrpami
1149 1007 1310 1091 &sebach
1335 1006 1415 1096 bopy
1433 1030 1455 1072 a

334 1118 565 1208 ponnoobobmi
587 1121 806 1184 ezentcnortoo
830 1120 962 1204 opdtodp
979 1119 1124 1182 oedmdro
1139 1115 1281 1202 bizonyos
1295 1113 1454 1203 ttpyclcbea

497 1249 536 1292 aa
552 1227 679 1317 a‘paaortp
693 1223 924 1312 ozolpdltatcisdt
939 1223 1176 1316 saorpulmazzo.
1194 1223 1292 1287 1224.

254 1415 271 1440 '
349 1398 350 1401 '
448 1403 612 1473 Honorius
630 1403 813 1491 Episcopus
830 1408 891 1470 etc.
908 1402 1095 1471 Venerabili
1112 1401 1204 1470 fratri
1221 1453 1228 1470 .
1247 1451 1254 1468 .
1272 1447 1304 1467 ..
1337 1401 1454 1470 Archi-

279 1545 282 1550 *
325 1515 495 1602 ‚episcopo
510 1513 723 1598 strigoniensi
738 1512 875 1578 salutern
892 1519 950 1579 etc.
967 1511 1088 1578 Dilecti
1103 1509 1162 1577 filii
1178 1561 1186 1576 .
1204 1559 1212 1576 .
1233 1561 1239 1574 .
1256 1559 1263 1574 .
1293 1509 1405 1577 Abbas
1420 1517 1455 1576 et

337 1617 523 1691 conventus
538 1620 649 1688 Sancti
664 1618 795 1686 Martini
819 1617 852 1685 in
869 1619 1036 1686 Pannonia
1060 1618 1154 1684 nobis
1178 1617 1342 1684 insinuare
1358 1637 1449 1686 cura·

339 1736 422 1814 runt,
443 1728 530 1812 quod
546 1746 619 1795 cnm
634 1746 731 1813 super
746 1727 979 1812 questionibus,
996 1746 1078 1811 quus
1093 1743 1190 1811 super
1206 1725 1382 1808 Ecclesiis,
1399 1725 1453 1794 de·

325 1836 431 1918 ¹cinris
448 1844 481 1904 et
495 1836 592 1902 rebus
608 1835 681 1904 siiis
698 1835 820 1902 habent
836 1836 993 1904 adversus
1008 1835 1228 1904 venerabilem
1247 1831 1381 1901 trabem
1395 1853 1453 1902 no·

340 1951 442 2014 strum
458 1993 466 2010 .
484 1993 491 2010 .
509 1994 517 2012 .
534 1944 758 2029 Abrigicnsem
781 1942 863 2032 (lgy,
874 1945 963 2010 tulin
974 1939 1241 2029 Zegrabiensem)
1256 1941 1455 2029 Episcopum

305 2042 309 2052 ’
340 2060 374 2122 et
388 2053 592 2138 Capitulum,
618 2071 757 2118 necnon
773 2052 928 2120 adversus
943 2052 1119 2119 Aliensem
1136 2057 1168 2116 et
1184 2049 1454 2134 vesprimiensem

271 2146 275 2152 ¹
320 2159 323 2166 ’
341 2161 528 2247 Propositos
544 2167 577 2226 et
593 2159 745 2244 Gepitula
762 2158 954 2245 eorundem,
983 2165 1015 2226 et
1031 2157 1198 2243 ‘quosdam
1214 2159 1296 2225 alios
1312 2179 1333 2223 a
1348 2155 1454 2224 felicis

341 2268 492 2336 memorie
507 2268 524 2333 I
540 2315 548 2331 .
565 2313 573 2330 .
591 2313 599 2330 .
620 2281 708 2352 pepe
722 2269 954 2354 predecessore
971 2274 1091 2352 nostro,
1108 2266 1152 2334 ad
1168 2264 1314 2334 diuersos
1328 2265 1453 2333 iudices

285 2425 286 2428 ,
342 2377 384 2444 ab
401 2375 452 2452 eis
464 2373 524 2441 tibi
539 2374 678 2461 propriis
693 2376 875 2444 nominibus
893 2375 1130 2463 exprimendos,
1154 2372 1389 2442 commissionis
1405 2375 1455 2440 lit

341 2491 429 2550 teras
445 2482 665 2568 impetrarint,
692 2487 732 2562 er,
749 2501 808 2549 nos
833 2502 929 2569 super
952 2483 1016 2550 biis
1044 2481 1165 2569 pluries
1181 2481 1228 2549 eis
1244 2482 1455 2550 direxerimus

342 2589 464 2677 scripta
477 2593 607 2657 nostra:
625 2589 765 2674 ipsorum
780 2597 888 2656 tamen
903 2590 1042 2658 iudicum
1058 2589 1277 2674 negligentia,
1293 2597 1326 2656 et
1341 2591 1453 2657 adver·

342 2699 500 2766 sariorum
516 2696 657 2764 uersutia
673 2697 822 2783 iaciente,
837 2698 977 2766 nondum
992 2719 1086 2767 suam
1101 2704 1273 2784 potuerunt
1289 2685 1452 2765 iusticiam

343 2805 488 2892 optinere
501 2827 509 2890 ;
526 2823 627 2888 quare
642 2803 806 2870 humiliter
821 2805 998 2890 petierunt,
1021 2813 1056 2872 ut
1071 2806 1256 2889 questiones
1271 2803 1453 2872 huiusmodi

342 2915 387 2980 ad
396 2918 539 2980 nostrum
550 2931 775 2980 revocaremus
786 2931 931 2980 examen.
942 2915 1095 2981 Volentes
1115 2913 1451 2998 igiturporoereipsa

301 3093 306 3105 ,
342 3042 412 3089 rum
426 3022 566 3106 partium
581 3013 747 3110 laboribus
771 3029 803 3100 et
819 3023 997 3112 expensis,
1015 3022 1210 3101 fraternitati
1225 3029 1278 3088 tue
1291 3004 1353 3105 'per
1368 3023 1453 3106 Apo-

343 3129 463 3210 stolioa
478 3130 601 3214 scripta
617 3129 817 3216 mandamus,
834 3133 984 3215 quatinus
994 3132 1145 3216 iniungss
1156 3128 1323 3214 iudicibus,
1334 3129 1454 3213 quibus

345 3243 420 3306 sunt
434 3239 507 3323 ipse
522 3255 620 3304 cause
636 3239 814 3326 commisse,
831 3247 866 3306 ut
875 3239 960 3307 infra
975 3239 1091 3310 festum
1101 3237 1340 3324 Assumptionis
1349 3235 1454 3305 Beate

342 3345 444 3413 Mario
459 3345 604 3438 proximo
620 3351 786 3416 venturum
801 3347 977 3433 procedant
1001 3347 1141 3414 finaliter
1155 3345 1188 3414 iu
1205 3346 1311 3413 causis
1328 3344 1451 3413 eisdem

345 3457 441 3523 iuxta·
460 3451 598 3522 beditas
618 3455 687 3523 sibi
711 3457 841 3524 formas.
866 3456 960 3552 Quod
975 3456 1004 3523 si
1018 3477 1077 3544 per
1091 3454 1326 3543 negligentiam
1342 3473 1455 3520 eoron-

345 3563 438 3647 dcm,
457 3565 510 3630 vol
525 3583 584 3649 per
600 3564 859 3634 adversariorum
875 3565 1030 3633 malitiam
1045 3587 1110 3633 nou
1124 3565 1220 3633 inerit
1235 3561 1454 3649 adimpletum,

348 3670 497 3757 iniungas
522 3667 686 3758 partibus,
710 3681 745 3741 ut
768 3675 805 3744 iu
825 3676 971 3761 proximo
987 3675 1070 3743 festo
1088 3673 1235 3742 Omnium
1250 3673 1453 3756 Sanctorum,

346 3779 436 3867 quod,
447 3780 495 3847 eis
510 3779 679 3874 terminum
696 3785 945 3875 peremptorium
960 3785 1175 3872 assignamus,
1194 3802 1253 3869 per
1267 3789 1454 3867 procurato·

344 3895 397 3955 res
412 3885 609 3978 sufficientes
626 3899 835 3978 compareant
850 3911 958 3960 coram
973 3891 1065 3960 nobis
1082 3910 1178 3986 super
1193 3891 1257 3958 iam
1267 3887 1362 3958 <lictis
1379 3907 1453 3974 que

344 3995 503 4064 itionibus
518 4015 726 4081 processuro:
751 3999 845 4066 nobis
854 4050 864 4086 ,
888 3999 974 4084 quorl
988 3998 1063 4067 inde
1079 3999 1194 4067 feceris
1203 4049 1213 4083 ,
1229 3997 1451 4084 rescripturus.

343 4101 463 4172 Deturn
478 4104 631 4172 Laterani
646 4107 704 4174 III.
714 4125 817 4175 nonas
833 4107 1011 4180 Februarii.
1022 4106 1233 4176 Pontificum
1247 4103 1349 4172 nostri
1366 4122 1450 4172 anno

345 4216 471 4281 acturo.

435 4385 496 4459 (111.
509 4377 653 4448 Honorius
664 4388 739 4464 pipo
750 4391 933 4465 Regcsttibtl
945 4391 1070 4450 Thelser
1081 4392 1120 4449 id.
1133 4409 1172 4448 m.
1184 4390 1206 4448 1.
1218 4390 1303 4448 ΜΒ.
1317 4388 1352 4460 l.)

765 4663 1006 4680 *-
