3222 5054
835 310 900 376 306

792 399 946 408 ..η’-*-

305 506 452 572 Ecclesia
467 505 591 574 ibidem
607 504 881 572 commorantibus
897 505 1085 572 molestiam
1109 505 1230 574 inserat
1252 512 1285 573 ct
1309 523 1429 590 grava·

304 634 397 700 men,
424 621 457 680 et
478 615 631 683 Ecclesia
645 619 759 682 nostra
775 612 893 680 exinde
909 615 1085 698 dampnum
1101 619 1268 699 paterctur
1282 633 1347 680 non
1362 631 1429 680 mo

301 722 418 806 dicum,
435 724 604 808 sepedicta
619 723 770 790 Ecclesie
784 743 844 808 pro
859 723 1004 790 remedio
1020 725 1128 792 anime
1143 730 1254 794 nostre
1270 727 1429 810 perpetuo

302 829 536 917 possidendam
553 831 757 898 contulimus.
783 832 821 896 In
837 833 930 898 onius
945 838 1031 900 terre
1046 833 1290 919 possessionem
1306 849 1366 916 per
1382 829 1430 898 di·

302 939 421 1005 lectum
439 945 472 1004 et
486 937 615 1006 fidelem
631 947 780 1006 nostrum
806 939 949 1008 indicem
974 943 1064 1008 curie
1088 947 1199 1008 nostre
1215 938 1430 1020 Demetrium,

303 1053 335 1117 ct
351 1047 502 1114 comitem
518 1046 734 1114 Baebiensem
750 1049 945 1118 auctoritate
970 1056 1083 1116 nostra
1105 1049 1240 1116 fecimus
1256 1045 1429 1114 introduci.

270 1163 273 1168 '
303 1156 345 1222 Vt
361 1164 469 1224 autem
485 1157 546 1224 bec
562 1165 673 1226 nostra
698 1159 836 1226 donacio
851 1163 1009 1246 perpetue
1026 1159 1216 1240 stabilitatis
1231 1159 1330 1225 robur
1346 1155 1428 1244 opti-

302 1268 399 1348 neat,
425 1283 486 1330 neo
511 1284 653 1349 uuquam
676 1267 796 1334 nostris
813 1275 870 1334 aut
885 1276 1067 1337 nostrorum
1083 1266 1283 1354 temporibus
1299 1283 1429 1332 succes-

300 1391 407 1438 sorum
432 1380 530 1458 queat
555 1373 589 1438 in
614 1373 737 1440 irritum
761 1376 929 1460 reuocari,
955 1377 989 1442 in
1013 1375 1233 1443 testimonium
1258 1371 1429 1459 amplioris

300 1478 377 1546 fidei
393 1480 519 1548 litteras
536 1487 667 1548 nostras
685 1484 905 1553 concessimus
922 1481 1062 1572 duplicis
1079 1483 1180 1568 sigilli
1199 1481 1303 1548 nostri
1325 1479 1429 1547 muni·

301 1587 387 1654 mine
412 1587 596 1658 roboratas.
627 1589 748 1659 Datum
775 1612 860 1659 anno
875 1595 987 1678 gracie
1004 1594 1178 1662 millesimo
1206 1589 1429 1660 ducentesimo

302 1695 484 1784 xxxin,
501 1699 609 1784 Regni
623 1700 726 1766 nostri
743 1721 829 1770 anuo
845 1700 968 1770 XXVI.

654 1876 711 1948 (An
730 1878 839 1934 eredeti
857 1877 935 1936 utin.
957 1879 1064 1948 Garat).

743 2173 946 2186 ——u-

831 2517 908 2582 rou.
988 2476 990 2484 ’

301 2703 384 2768 Rota
408 2698 510 2787 ifjobb
535 2695 642 2781 lircty
668 2663 772 2781 osktije
782 2743 792 2778 ,
818 2693 897 2782 kopp
913 2697 933 2758 ὅ
947 2719 985 2760 az
1009 2699 1099 2782 atyjo
1114 2697 1159 2762 II.
1176 2697 1286 2763 Fmdre
1307 2699 1425 2784 kirtly,

299 2807 439 2875 sJatat
452 2805 625 2894 prensosztot'
640 2803 767 2890 pospok
792 2813 824 2868 o'o
841 2807 950 2891 pdpai
972 2805 1063 2871 todoat
1095 2805 1165 2870 ledat
1195 2805 1426 2892 mepctllopttott

547 2913 712 3000 apocopa
726 2933 794 2998 orep
804 2911 902 2998 sopio
917 2915 1047 2980 tortarii.
1066 2915 1162 2980 1233.

406 3091 576 3162 Universis
592 3097 707 3179 pateat
723 3090 783 3156 hec
799 3091 943 3174 lecturis,
960 3092 1047 3176 quod
1063 3111 1122 3158 nos
1138 3094 1208 3160 Rex
1224 3092 1306 3161 Bcla
1325 3111 1425 3180 super

298 3205 384 3282 lauto
401 3200 646 3287 compositionis
663 3198 825 3268 servande
842 3200 926 3266 inter
941 3202 1163 3269 venerabilem
1188 3201 1351 3268 dominnm
1367 3202 1421 3268 la

297 3315 414 3381 nobum
430 3310 654 3380 Prenestinum
670 3309 838 3395 Electum,
866 3310 1057 3394 Apostolice
1073 3311 1168 3387 Sedis
1186 3311 1365 3396 Legatum,
1391 3318 1425 3377 et

297 3422 460 3488 dominum
479 3417 644 3486 Andream
669 3417 929 3484 Illustrissimum
957 3420 1101 3505 Regem,
1126 3427 1252 3504 patrem
1277 3427 1422 3486 nostrum

296 3527 460 3613 quondam
476 3527 564 3593 laete
573 3577 581 3611 ,
602 3531 634 3592 et
650 3545 754 3610 nuper
770 3525 930 3612 solempni
947 3537 1151 3596 sacramento
1169 3535 1202 3596 et
1217 3547 1318 3594 aurea
1332 3527 1423 3595 bulla

296 3637 432 3716 firmate,
448 3635 625 3703 iuravimus
641 3635 674 3700 in
691 3635 774 3702 hunc
790 3636 939 3704 modum:
956 3637 1025 3705 Nos
1042 3639 1125 3704 Bela
1141 3637 1204 3705 Dei
1214 3637 1324 3721 gratia
1338 3637 1420 3722 Rex,

294 3745 530 3830 primogenitus
547 3743 670 3810 domini
686 3743 818 3812 Andrec
842 3746 983 3813 Illustris
1009 3747 1109 3832 Regis
1135 3744 1299 3831 Ungarie,
1326 3750 1420 3817 vobis

294 3853 381 3940 patri
397 3853 626 3922 Bartholomeo
642 3851 878 3939 Vesprimiensi
895 3856 1059 3942 Episcopo
1076 3863 1109 3923 et
1124 3855 1283 3942 Magistro
1294 3856 1421 3942 Cogno-

294 3962 398 4028 socuti
415 3961 632 4048 Strigoniensi
648 3963 833 4048 (laconico,
850 3965 966 4032 nuncio
983 3973 1016 4032 et
1032 3967 1204 4052 capellano
1221 3966 1419 4034 venerabilis

294 4067 372 4134 dicti
396 4069 533 4155 Legati,
559 4069 791 4156 recipientibus
818 4075 946 4142 nomine
963 4082 996 4142 ot
1014 4075 1169 4142 mandato
1195 4077 1361 4160 eiusdem,
1388 4083 1421 4144 et

183 4168 187 4177 “
293 4176 366 4242 vice
383 4196 421 4242 ac
438 4177 567 4244 nomine
583 4181 728 4246 Romane
745 4182 893 4249 Ecclesia
919 4191 952 4250 et
976 4185 1117 4250 omnium
1143 4185 1364 4253 Ecclesiarum
1380 4185 1420 4252 de

294 4281 461 4370 Ungaria,
489 4285 529 4350 de
556 4289 691 4355 consilio
712 4291 809 4357 Curio
826 4297 936 4358 nostre
953 4300 1070 4378 sponte
1085 4295 1211 4378 absque
1227 4295 1296 4363 ulla
1311 4295 1419 4362 condi-

293 4390 396 4471 tione,
412 4391 511 4457 tactis
527 4397 746 4464 sacrosanctis
764 4401 966 4485 euangeliis,
982 4402 1201 4487 promittimus
1216 4409 1250 4469 ct
1264 4403 1419 4490 iuramus,

294 4495 381 4575 quod
406 4497 438 4560 in
464 4499 611 4566 omnibns
638 4510 671 4568 et
696 4523 754 4588 par
778 4509 888 4573 omnia
903 4509 1089 4576 tenebimus
1114 4519 1148 4576 ct
1173 4509 1420 4579 observabimus

293 4599 471 4686 bonafide,
487 4603 558 4670 sine
575 4605 698 4696 fraudo,
717 4631 801 4678 nuno
817 4620 850 4678 et
865 4614 1100 4701 imperpetuum
1111 4621 1221 4686 omnia
1237 4625 1268 4686 ct
1285 4621 1417 4710 singula
