3198 5058
743 779 821 848 ²⁰1.

218 961 246 1026 A
260 925 492 1047 partnonbohni
507 961 743 1026 uzant-mertem·
757 964 892 1050 opdtscip
908 966 938 1026 oe
953 988 973 1026 a
988 961 1218 1050 szekeaferooiu
1232 967 1344 1050 kdpoto·

239 1067 294 1156 lon
309 1067 395 1131 kdzto'
405 1090 465 1154 por
481 1067 648 1134 *odlasztott
664 1069 758 1132 biudis
774 1067 875 1135 iteloto
890 1071 972 1136 ‹tttul
988 1070 1186 1137 oliutdztetu'k.
1224 1075 1321 1138 1234.

321 1247 360 1312 In
384 1246 516 1313 nomine
534 1227 673 1314 'Domini
699 1247 813 1314 Amen.
840 1244 921 1316 Oum
936 1249 1087 1318 dominus
1105 1251 1201 1318 Vrias
1218 1251 1343 1336 Abbas,

214 1353 360 1422 Thomas
377 1355 492 1422 Custos
502 1403 512 1439 ,
523 1361 560 1420 ut
574 1353 724 1422 Joanoba
740 1355 892 1423 monaehi
907 1365 1138 1442 proourstoros
1155 1358 1342 1427 Oonuentns

213 1463 328 1531 Sanoti
344 1462 477 1530 Martini
492 1462 533 1530 do
550 1463 720 1531 Pannonia
737 1481 777 1528 ex
792 1471 890 1550 parts
904 1485 983 1550 uua;
1001 1473 1033 1533 ot
1042 1467 1201 1550 magister
1211 1467 1343 1536 llorone

216 1569 391 1639 eanonious
415 1577 450 1638 et
475 1578 667 1657 proonrotor
682 1571 726 1638 ad
742 1573 805 1640 hoo
820 1572 981 1659 Propositi
1000 1582 1033 1641 et
1048 1575 1211 1660 Capituli,
1228 1575 1344 1643 Oneum
1410 1639 1412 1649 .

214 1679 376 1765 quondam
393 1680 549 1767 Episcopi
564 1680 755 1749 Geuriensis
772 1689 805 1747 ot
821 1681 961 1750 omnium
982 1684 1210 1752 canonicorom
1226 1693 1260 1751 ot
1276 1685 1343 1752 ole-

213 1792 353 1858 rioorum
362 1788 517 1856 Albensis
529 1789 678 1856 lloolesie
694 1797 728 1857 et
743 1792 857 1858 Sanoti
872 1793 1004 1860 Nioolai
1021 1792 1205 1877 Hospitalis
1220 1791 1341 1861 Alben-

213 1897 259 1964 sis
273 1903 305 1963 et
319 1897 432 1964 Sunoti
447 1896 580 1965 Henriei
596 1897 819 1966 Eoolesiarum
835 1919 876 1966 ex
892 1901 998 1967 ultera
1014 1901 1056 1966 de
1073 1900 1159 1966 bono
1174 1900 1343 1968 uoluntate

213 2005 495 2090 compromiserint
509 2005 543 2070 iu
562 2025 623 2073 nos
639 2006 797 2073 Jooobum
814 2008 1025 2076 miseratione
1042 2005 1164 2074 Diuina
1180 2008 1342 2074 Pronesti·

214 2133 289 2181 num
306 2113 454 2180 Electum
466 2113 658 2198 Apostolioe
682 2115 778 2182 Sedis
804 2116 983 2202 Legatum,
1010 2119 1043 2182 et
1068 2119 1202 2182 fratrom
1228 2115 1342 2182 Enoch

215 2220 347 2292 Ordinis
363 2220 629 2305 Prediootorem‚
654 2231 689 2290 et
710 2224 902 2306 magistmm
918 2224 1052 2292 Saulem
1068 2207 1343 2290 Arobidiaoonnm

214 2328 413 2397 Nitriensom
436 2327 478 2395 de
503 2331 651 2398 omnibns
677 2329 924 2416 questionibus,
954 2351 1016 2415 que
1032 2333 1242 2398 uertebantur
1257 2329 1342 2398 inter

215 2439 305 2522 ipsos
320 2453 418 2521 super
433 2435 570 2503 deoimis
586 2437 831 2521 possessionum
855 2437 941 2504 dieto
956 2440 1113 2508 Albensis
1133 2439 1292 2523 Eoolosie,
1309 2444 1343 2504 ot

214 2545 459 2630 possessionum
484 2545 712 2612 eanonioorum
738 2553 777 2612 ot
796 2546 990 2613 olorinorum
1006 2545 1200 2614 Albensium
1213 2552 1248 2612 et
1262 2565 1338 2631 pos·

215 2651 397 2720 sessionum
413 2651 526 2720 Sanoti
541 2651 692 2738 Nyeolsi,
710 2651 894 2737 Hospitalis
906 2653 1060 2720 Albensis
1076 2659 1109 2722 et
1124 2653 1236 2744 Sanoti
1252 2655 1340 2720 Hen-

215 2759 292 2841 rioi,
318 2777 379 2828 neo
393 2777 459 2824 non
475 2757 598 2827 domini
614 2757 731 2828 Oosme
747 2760 904 2846 Episcopi
919 2761 1086 2844 quondam
1104 2760 1291 2829 Geurionsis
1309 2769 1342 2830 et

217 2871 351 2938 ollarum
377 2867 587 2955 Capellamm
610 2867 655 2935 ad
679 2869 865 2937 Eeolesiam
891 2869 1069 2936 Albonsom
1100 2870 1342 2956 pertinentium,

216 2981 299 3048 sieut
322 2979 357 3044 in
380 2977 552 3063 priuilegio
569 2975 691 3044 domini
706 2974 869 3065 A(ndree)
884 2978 986 3060 Regis
995 3029 1006 3064 ,
1032 2977 1074 3046 de
1091 2995 1154 3060 quo
1169 2975 1205 3044 fit
1222 2977 1342 3044 mentio

216 3089 249 3154 in
264 3086 401 3154 arbitrio
417 3087 542 3171 prolato
559 3104 617 3172 per
631 3086 820 3170 magistrum
838 3087 991 3172 Egidiem
1015 3085 1138 3153 domini
1153 3085 1244 3171 Papo
1260 3083 1341 3150 Sub·

216 3196 390 3264 diatonum
407 3199 440 3259 et
455 3191 671 3279 ospollennm
689 3195 881 3261 continetur.
893 3193 964 3260 Hoo
975 3193 1222 3276 soilioetmodo,
1239 3199 1274 3259 ut
1289 3211 1339 3260 se·
1421 3281 1427 3292 Ι

217 3302 355 3372 eundem
374 3303 509 3370 formam
522 3303 664 3388 prodisti
680 3301 809 3370 arbitrii
823 3303 884 3368 lati
899 3321 958 3387 per
968 3301 1128 3386 prefatum
1149 3301 1341 3386 magistrum

216 3415 254 3480 ll.
266 3415 299 3480 in
310 3411 501 3480 arbitrando
511 3412 773 3497 procederemus,
783 3412 943 3479 habentes
952 3413 1152 3495 potestatem
1162 3407 1243 3474 illud
1253 3409 1342 3476 idem

215 3521 383 3599 arbitrium
399 3520 565 3605 mutandi,·
575 3520 771 3606 corrigendi,
788 3516 1003 3606 approbandi,
1019 3523 1053 3583 et
1068 3517 1284 3602 temperandi,
1295 3517 1341 3584 in-

215 3629 418 3715 terpretandi
434 3636 467 3696 et
482 3627 674 3697 deelarandi
683 3679 692 3714 ,
709 3627 868 3710 addendi,
887 3635 920 3696 et
936 3624 1160 3709 subtrahendi,
1180 3627 1232 3692 nel
1249 3626 1341 3694 dimi·

215 3737 345 3823 ouandi,
361 3737 441 3808 uisis
456 3738 690 3822 instrumentis,
701 3736 824 3804 auditis
839 3734 1020 3804 rationibus
1038 3741 1071 3800 et
1086 3733 1341 3818 allegationibus

216 3848 355 3934 partium
369 3846 547 3914 seeundum
563 3844 649 3929 quod
664 3844 758 3913 nobis
774 3843 957 3928 uideretur,
980 3851 1014 3910 et
1028 3861 1127 3928 super
1142 3841 1292 3927 dampnis
1308 3847 1341 3907 et

217 3955 372 4042 expensis
388 3953 627 4040 eognoscendi,
652 3959 685 4020 ot
709 3953 847 4039 cognitis
863 3972 963 4019 oause
978 3949 1105 4018 meritis
1120 3949 1205 4017 inter
1220 3956 1340 4032 cetera,

218 4084 280 4150 qne
295 4065 494 4132 lionasterio
509 4063 622 4134 saneti
638 4061 771 4130 Martini
796 4060 838 4128 de
856 4060 1028 4128 Pannonia
1043 4059 1229 4126 uiderentur
1245 4058 1340 4126 nobis

217 4171 349 4242 arbitris
363 4168 588 4256 assignanda3
614 4170 804 4238 vioesimam
821 4187 969 4252 qnoque,
991 4185 1091 4250 qnam
1107 4165 1254 4234 dominus
1269 4165 1341 4234 lter

218 4280 353 4350 Albensi
367 4278 517 4346 Euolesie
533 4277 566 4343 in
582 4277 771 4364 Simigiensi
787 4277 949 4344 Comitatu
972 4274 1126 4353 eontulit,
1151 4274 1340 4358 assignare·

217 4407 290 4458 mus
306 4386 431 4471 eidem,
447 4384 496 4454 ita
511 4391 640 4469 tamen,
661 4385 750 4468 quod
764 4391 956 4471 proonrator
971 4383 1127 4452 Albensis
1142 4382 1292 4452 Eeolesie
1308 4389 1342 4450 et

219 4497 285 4584 ipsi
299 4497 464 4565 Albenses
479 4513 653 4581 procurare
670 4501 865 4576 tenerentur,
876 4492 964 4578 quod
973 4491 1109 4561 donatio
1120 4493 1209 4560 faeta
1220 4492 1340 4578 oRege

218 4624 291 4676 oum
306 4603 417 4692 sigillo
432 4602 555 4672 domini
570 4603 650 4672 Bele
666 4603 767 4689 Regis
778 4599 1040 4686 confirmaretur5
1057 4598 1098 4666 de
1108 4601 1220 4687 sigillo
1230 4605 1337 4669 numm
