3234 5072
565 323 571 485 ζ
615 375 782 488 Α

142 573 288 659 Bubach,
314 575 389 644 Dux
404 573 500 643 michi
524 579 558 644 et
583 594 644 660 ego
669 573 885 662 monasteri03
917 581 951 644 et
980 575 1097 643 siluam
1127 577 1254 645 nominc

143 683 368 771 Nogkercku3
387 691 496 752 catera
509 703 587 752 vcro
602 683 706 769 pratis
722 689 755 750 ct
769 684 802 750 in
818 683 949 770 pascuis
964 683 998 748 iu
1017 683 1091 749 seno
1102 687 1254 770 seeundo,

142 797 174 857 et
188 791 222 856 in
238 793 365 860 cumulo
381 791 572 877 colligendo,
598 791 682 857 uude
708 791 782 858 Dux
807 788 929 876 hahuit,
955 791 1030 857 iude
1060 790 1253 858 monasterio

140 895 270 985 permisi
284 897 413 966 hahere.
436 897 574 986 Scyrnik
589 897 734 965 marchia
743 897 856 985 incipit
879 897 921 966 ab
938 897 1060 965 oriente
1075 895 1116 964 dc
1131 898 1252 968 tumulo

142 1005 275 1101 Brauha
290 1006 331 1073 ad
345 1008 450 1093 pirum
464 1004 696 1073 circumdatam
711 1007 818 1090 humo,
830 1009 863 1072 ct
879 1005 982 1074 tendit
996 1004 1039 1072 ad
1054 1024 1205 1074 aceruum
1220 1007 1254 1073 in

146 1119 254 1180 moutc
270 1113 420 1199 positum,
437 1119 469 1181 et
491 1115 638 1199 peruenit
661 1114 704 1182 ad
727 1113 881 1180 tumulum
904 1113 1052 1198 Boytyn;
1075 1113 1152 1180 iude
1175 1133 1254 1180 uero

142 1221 184 1288 ad
209 1239 362 1299 aceruum
386 1223 439 1289 vic
462 1223 623 1307 vicinum3
646 1221 763 1290 deiude
787 1227 875 1288 recta
899 1221 954 1287 via
977 1219 1124 1306 dirigitur
1152 1241 1255 1306 usque

142 1331 300 1415 semitam,
311 1349 373 1414 que
388 1323 526 1398 flectitur
535 1331 568 1397 in
579 1332 733 1415 dextram,
750 1331 859 1397 axilla
868 1328 954 1396 Petri
970 1327 1012 1394 ad
1027 1347 1144 1414 aqvam
1160 1331 1256 1416 Petri,

145 1435 219 1503 inde
236 1457 295 1523 per
321 1439 439 1505 uallem
464 1439 508 1506 ad
530 1458 645 1506 venam
671 1437 804 1525 Ohcyey
828 1437 872 1505 ad
897 1434 1074 1503 marchiam
1098 1457 1169 1504 cum
1193 1438 1255 1503 Bc-

143 1543 251 1630 chydy
267 1544 312 1611 ad
327 1547 457 1630 vallem,
474 1567 536 1630 quc
552 1547 640 1614 ducit
654 1547 697 1614 ad
727 1545 912 1628 marchiam,
940 1543 1181 1629 conbihansque
1203 1563 1255 1611 su·

143 1653 325 1735 pradictam
341 1655 527 1741 marchiam,
544 1659 577 1722 et
602 1653 646 1720 ad
660 1653 739 1720 iliud
761 1651 906 1740 predium
937 1651 1001 1718 XX
1026 1671 1158 1719 mansus
1183 1671 1254 1718 ara-

143 1767 255 1825 torum.
279 1761 425 1828 diarchia
441 1760 644 1850 Chartybak,
673 1763 716 1828 ab
741 1759 908 1828 occidente
933 1779 974 1826 ex
1001 1766 1093 1846 parte
1118 1759 1254 1844 Obarty·

144 1867 227 1952 bah3
253 1867 408 1954 incapite
431 1889 568 1938 aceruus
597 1872 713 1956 Bassy,
737 1869 813 1936 inde
837 1866 880 1932 ad
906 1869 993 1934 viam
1017 1886 1079 1951 que
1103 1869 1193 1934 veuit
1216 1863 1258 1932 dc

145 1973 330 2059 Zondonek,
348 1983 380 2041 et
394 1975 482 2042 ducit
497 1975 538 2043 ad
556 1975 696 2060 Ohegen,
713 1993 814 2059 esque
830 1974 873 2042 ad
888 1975 1044 2060 angulum.
1056 1975 1156 2060 vailj3
1180 1973 1258 2042 indo

146 2080 283 2148 flectitur
298 2101 357 2166 per
372 2101 511 2170 ryppam
526 2103 608 2151 rene
624 2084 834 2167 dextrorsum,
851 2083 907 2150 ubi
922 2101 1035 2150 versus
1050 2081 1257 2150 monticulum
1359 2109 1365 2126 ·

145 2189 229 2256 ultra
251 2191 331 2276 itur;
356 2190 432 2256 indo
448 2191 491 2258 ad
506 2191 606 2259 alium
622 2192 828 2258 monticulum
843 2190 896 2275 qui
913 2195 963 2258 est
978 2211 1051 2257 eum
1066 2191 1144 2258 uilla
1160 2189 1237 2258 Solu
1248 2209 1271 2275 ;·

148 2297 223 2364 iude
233 2298 338 2365 tendit
353 2298 555 2365 adaceruum
565 2299 706 2387 Fygudy
717 2298 1032 2384 usqueadacsruum
1042 2297 1160 2382 Marci3
1182 2298 1258 2366 iude

148 2405 292 2490 dirigitur
307 2405 351 2473 ad
365 2407 535 2473 terminum
559 2427 632 2474 cum
657 2407 786 2494 Ohordy
811 2425 912 2492 usque
936 2407 1147 2492 monticulos,
1172 2405 1259 2472 uude

148 2513 284 2592 tendem
301 2513 344 2579 ad
359 2514 463 2600 pirum
490 2519 629 2582 stantem
660 2515 693 2580 in
723 2535 802 2600 agro
832 2514 978 2604 perducit
1009 2514 1052 2581 ad
1081 2513 1258 2600 predictum

149 2619 226 2686 Basi
251 2639 413 2688 acernum.
437 2623 592 2708 Sumpma
616 2622 718 2689 tocius
741 2622 867 2688 numeri
900 2620 1099 2690 concluditur
1122 2621 1259 2696 calculo,

151 2728 302 2797 videlieet
317 2728 411 2796 01111
425 2750 558 2798 mausus
578 2748 761 2816 seruorum;
785 2729 882 2796 XXX
898 2730 1032 2815 equites,
1054 2729 1120 2796 XX
1135 2727 1258 2814 ngari

151 2843 180 2900 et
195 2834 257 2925 (X)
273 2837 415 2922 Bisseni3
432 2857 491 2905 sex
501 2837 629 2906 tauifiec
645 2845 679 2904 et
693 2837 824 2923 liuidce;
842 2835 980 2905 Xrincc
995 2845 1028 2905 ot
1043 2845 1130 2906 ortus
1141 2837 1257 2924 apium,

151 2944 310 3030 Xcopule
325 2963 488 3028 equorum,
505 2946 530 3013 G
545 2945 654 3029 boves,
672 2944 702 3008 D
723 2965 812 3032 ores,
838 2947 890 3014 CO
914 2946 1014 3031 porci.
1038 2945 1192 3014 Poeterca
1216 2945 1258 3011 do

151 3053 344 3120 territorium
360 3051 444 3136 quod
473 3057 588 3138 postea
618 3054 777 3120 concessit
806 3053 905 3123 michi
929 3055 1084 3124 Salamon
1100 3055 1170 3120 Rex
1185 3071 1258 3140 cum

151 3163 267 3248 Magno
283 3162 374 3227 Duce
390 3161 423 3226 iu
438 3161 518 3226 villa
533 3179 596 3244 que
612 3161 729 3230 dicitur
745 3162 844 3230 Oeda.
860 3163 952 3230 Vnde
968 3181 1010 3229 ex
1025 3161 1091 3254 hac
1103 3161 1155 3228 dic
1169 3178 1258 3228 recc-

152 3269 238 3355 daut,
253 3275 364 3358 preter
380 3271 635 3339 ecclesiasticam
651 3271 816 3356 familiam,
833 3273 1015 3356 quicunque
1031 3269 1189 3338 libertatis
1204 3289 1259 3338 no-

151 3399 222 3446 men
237 3379 401 3446 affectant.
424 3381 466 3445 nt
481 3380 515 3445 in
536 3379 611 3463 ipsa
639 3379 786 3465 predicta
814 3377 894 3445 villa
923 3377 1065 3445 concedo
1094 3377 1160 3446 filie
1188 3397 1260 3445 mes

154 3477 272 3572 Magne
297 3487 462 3555 dimidiam
487 3493 614 3574 partem
644 3494 738 3554 terra.
777 3488 816 3552 In
835 3485 1046 3572 'sumpmitats
1073 3485 1159 3551 itlius
1183 3483 1261 3551 ville

153 3597 313 3664 hahentur
328 3594 458 3682 fructus,
469 3614 602 3678 quorum
617 3593 751 3661 dimidia
761 3611 838 3680 pars
853 3592 983 3670 Abbati,
1000 3597 1033 3658 et
1047 3591 1180 3661 dimidia
1196 3589 1260 3656 filie

152 3721 230 3772 mee.
257 3703 406 3770 Concedo
422 3703 488 3770 filio
502 3703 569 3770 filis
584 3723 654 3769 mee
670 3703 787 3788 Magne
812 3701 935 3769 scilicet
960 3699 1070 3768 Hcohe
1095 3697 1260 3768 dimidiam
1367 3729 1372 3736 1

150 3819 274 3901 partem
288 3819 373 3878 terre
389 3813 525 3899 Fonsol,
542 3831 603 3896 que
619 3831 671 3878 ma
690 3808 855 3896 contingit,
882 3829 953 3877 cum
978 3806 1146 3880 duodecim
1170 3827 1259 3876 man·

151 3921 295 3989 sionibus
310 3921 536 4005 libertinorum,
552 3921 687 3990 dimidia
704 3939 791 4005 pars.
816 3921 972 4006 cognatis
988 3921 1068 3987 meis
1084 3922 1125 3989 do
1140 3925 1260 3986 terram

152 4031 336 4097 Wensellev
367 4028 409 4096 ad
439 4036 562 4116 septem
583 4021 706 4096 'aratra
734 4047 807 4096 cum
839 4028 978 4113 quinque
1002 4027 1152 4114 pissciuis
1167 4030 1200 4090 et
1214 4022 1259 4090 VI

150 4137 370 4206 mansionibus
400 4135 635 4222 libertinam,
657 4154 792 4219 quarum
817 4135 1015 4220 piscinarum
1045 4131 1175 4200 nomina
1198 4131 1260 4196 hec

150 4253 224 4315 suut
239 4244 426 4313 Wenseller
440 4251 536 4330 towa,
562 4240 736 4332 P(ro)luca,
760 4243 931 4328 Homuser,
957 4240 1081 4325 Tchna,
1098 4237 1194 4306 hbes.
1218 4239 1261 4305 ht

152 4357 184 4421 iu
200 4339 316 4422 eadem
332 4360 419 4420 tarra
434 4355 590 4420 remansit
604 4359 691 4420 terra
706 4351 749 4418 ad
763 4353 826 4420 tria
841 4357 951 4419 aratra
966 4347 1090 4417 ciuibus
1105 4349 1202 4415 castri
1218 4347 1260 4415 dc

151 4462 328 4550 hoholchy.
352 4463 403 4528 Do
419 4467 452 4529 et
466 4469 590 4532 terram
603 4459 724 4528 Weuse
749 4461 844 4527 sitam
869 4461 1100 4526 iuxtaterram
1125 4453 1258 4543 Tymar,

153 4591 213 4656 quc
229 4577 380 4638 remanet
395 4577 500 4638 castro
517 4571 558 4637 de
573 4569 747 4658 Zobolchy,
764 4589 835 4637 cum
851 4565 952 4634 tribus
976 4565 1110 4651 aratris,
1130 4563 1259 4631 duobus

152 4680 366 4768 piscatoribus
382 4684 415 4746 ot
430 4697 501 4746 cum
515 4679 643 4766 piscina
658 4675 801 4767 Tyccha.
825 4676 895 4757 Qus
910 4694 968 4763 pro
991 4673 1144 4762 marchis,
1168 4673 1260 4740 iuxta
