3222 5054
795 802 873 869 m.

302 988 360 1064 ΙΧ.
378 985 513 1074 Geryon,
522 989 616 1072 potprn
630 1007 653 1050 a
666 985 794 1052 amomo·
806 982 981 1070 pcepokcop
995 983 1133 1071 oppam
1146 981 1355 1050 redemerit.

780 1092 878 1158 1232.

375 1289 552 1378 Gregorius
568 1289 752 1376 Episcopus
769 1293 830 1354 etc.
846 1249 1028 1357 venerabili
1043 1283 1158 1356 trani.
1175 1336 1184 1353 .
1201 1335 1210 1354 .
1225 1287 1395 1377 Archiepi·

253 1419 367 1488 ,scopo
392 1397 563 1468 colocensi
587 1396 728 1466 culmem
751 1401 814 1463 etc.
841 1396 921 1463 (tum
940 1393 1076 1462 inferior
1089 1397 1252 1484 potiorem
1267 1397 1395 1465 solvere

243 1591 246 1596 Ι
266 1515 410 1596 nequeat
425 1507 631 1596 colligare,
644 1503 705 1576 sed
728 1505 836 1591 potior
856 1503 1043 1570 inferiorem
1059 1504 1140 1589 liget
1154 1504 1348 1592 regulariter
1364 1513 1398 1572 et

266 1615 439 1698 absolvat,
466 1621 499 1682 et
523 1614 607 1682 sutis
624 1613 790 1708 indignum
807 1617 840 1678 et
855 1610 1016 1678 absonum
1034 1611 1205 1700 videatur,
1232 1619 1269 1679 nt
1292 1613 1398 1680 maior

268 1723 420 1794 subditus
435 1722 478 1790 sit
493 1721 629 1815 minori,
643 1724 687 1788 et
702 1719 788 1788 filius
802 1724 999 1804 potestatem
1016 1717 1139 1788 habeat
1155 1720 1190 1788 in
1205 1728 1395 1808 parentem:

268 1833 498 1922 miramnrnon
508 1830 671 1914 modicum
685 1835 718 1895 et
733 1846 908 1910 moremur,
927 1825 1013 1910 quod
1030 1847 1103 1899 cnm
1118 1834 1154 1894 tu
1165 1829 1397 1898 monasterinm

268 1940 310 2008 de
325 1940 433 2008 Onher
448 1933 566 2025 (Kter)
593 1945 648 2006 tue
672 1933 825 2004 Diocesis
850 1935 1037 2004 Ecclesiam
1057 1938 1202 2004 erexeris
1218 1935 1397 2006 cathedra·

267 2049 342 2134 lem,
357 2045 732 2116 venerabilem-tratrem
747 2049 894 2112 nostrum
909 2041 1122 2112 Sirmiensem
1137 2045 1339 2134 Episcopum
1354 2045 1399 2114 ad

268 2156 397 2244 titulum
411 2154 516 2242 ipsine
531 2153 682 2220 Ecclesie
698 2153 732 2220 in
743 2153 943 2239 Episcopum
960 2153 1192 2240 consecrando,
1208 2201 1217 2218 .
1236 2202 1245 2220 .
1262 2202 1271 2220 .
1287 2152 1399 2221 Archi·

271 2265 429 2332 diaeonus
455 2260 642 2330 sirmiensis
666 2260 700 2326 in
725 2265 851 2326 ιιιιιιι
876 2259 1057 2346 prorumpit
1081 2261 1276 2329 temeritatis
1299 2261 1399 2329 anda

270 2372 365 2454 ciam,
381 2375 416 2436 ut
430 2369 464 2434 in
481 2369 619 2435 eundem
636 2365 836 2461 Episcopum
849 2373 883 2432 et
893 2365 1077 2434 Ecclesiam
1093 2385 1187 2434 snam
1203 2369 1400 2437 iurisdictio·

272 2496 345 2547 nem
361 2495 514 2544 exercere
530 2479 717 2563 presumat:
736 2493 838 2559 qnare
853 2473 941 2541 idem
956 2473 1145 2562 Episcopus
1160 2476 1256 2544 nobis
1271 2475 1402 2544 humili·

270 2591 321 2652 ter
344 2583 541 2672 supplicavit
549 2633 559 2670 ,
584 2588 621 2648 nt
645 2600 719 2648 cum
745 2581 860 2650 eodem
875 2581 1117 2651 Archidiaeono
1133 2585 1168 2652 in
1184 2583 1290 2672 ipsum
1306 2592 1340 2652 et
1354 2584 1401 2651 di·

272 2697 362 2778 ctam
373 2690 558 2759 Ecclesiam
574 2687 828 2757 inrisdictiouem
844 2689 1033 2757 huiusmodi
1048 2699 1243 2775 exercente,
1269 2691 1341 2780 ipse
1365 2693 1400 2759 in

273 2798 390 2889 eadem
406 2797 558 2868 Ecclesia
572 2796 757 2884 Episcopus
773 2797 1014 2881 quodammodo
1039 2817 1103 2864 non
1130 2799 1271 2884 existat,
1295 2789 1413 2886 provi

273 2907 353 2974 dere
368 2906 433 2974 sibi
449 2924 547 2992 super
561 2905 623 2972 hoc
639 2904 811 2972 salubriter
827 2903 1048 2990 dignaremur.
1078 2905 1148 2974 Nos
1164 2904 1263 2993 igitur
1278 2905 1400 2974 endem

273 3013 438 3102 Episcopo
454 3013 648 3080 officiosis
664 3018 802 3097 paterno
819 3011 1054 3099 compatientes
1072 3013 1203 3100 affectu,
1222 3015 1313 3102 ipsos
1329 3033 1401 3082 cnm

273 3122 424 3190 omuibus
440 3122 563 3190 iuribus
580 3119 835 3207 etpertinenttis
846 3120 1023 3188 eorundem
1034 3119 1403 3210 ainrisdictioneipsins

274 3227 504 3297 Archidiaconi
518 3227 649 3316 penitus
666 3229 857 3312 eximentes,
875 3225 1080 3312 mandamns,
1094 3235 1259 3311 qnatenus
1272 3231 1402 3318 prefato

275 3336 524 3423 Archidiacouo,
540 3355 583 3404 ne
597 3338 633 3404 in
648 3356 705 3404 eos
714 3335 970 3405 iurisdietionem
979 3334 1127 3422 aliquam
1138 3337 1179 3404 de
1190 3343 1300 3408 cetero
1310 3359 1401 3408 exer·

275 3463 348 3514 cere
371 3451 560 3532 presumat,
586 3463 628 3512 ex
651 3451 746 3533 parte
769 3450 883 3513 nostra
908 3443 1057 3512 districte
1082 3443 1218 3514 studeas
1234 3445 1404 3536 mettere,

273 3553 406 3643 proviso
431 3552 629 3640 prudenter,
654 3561 691 3620 ut
715 3553 744 3622 si
763 3573 806 3622 ex
819 3554 884 3622 hoc
898 3551 1195 3622 Archidiaconatus
1212 3551 1403 3626 sirmiensis

275 3662 348 3730 iura
364 3663 516 3730 leduntnr
540 3662 574 3729 in
594 3657 728 3730 Diocesi
742 3667 819 3746 tna,
844 3663 900 3730 ubi
927 3660 1084 3748 expedire
1109 3660 1252 3748 videris,
1277 3665 1403 3750 absque

275 3769 357 3838 iuris
369 3769 472 3838 alieni
486 3768 667 3858 preiudicio
682 3771 1021 3859 recompensationem
1036 3769 1208 3840 illisaciae
1224 3791 1402 3860 congruen-

274 3881 351 3945 tem.
369 3876 634 3947 Gontredictores
650 3885 712 3948 etc.
727 3877 850 3950 Datum
864 3881 968 3950 Reate
984 3878 1076 3948 xm.
1087 3879 1156 3947 kat.
1165 3879 1288 3965 Aprilis
1303 3879 1402 3968 (Pon-

276 3983 417 4054 tificatus
433 3981 550 4074 nostri)
565 4003 651 4054 anno
667 3988 789 4073 quinto.

349 4159 412 4232 (IX.
425 4158 553 4236 Gergely
565 4161 642 4237 pipo
653 4163 850 4238 Begcsttibol,
868 4165 995 4224 Theiuer
1006 4163 1046 4221 id.
1059 4179 1096 4220 m.
1110 4161 1134 4220 Ι.
1146 4162 1207 4226 tos.
1220 4163 1282 4223 108.
1295 4163 1332 4238 t)

710 4459 956 4474 *hu-h..—
