3214 5072
150 1005 220 1123 llll.
246 1033 336 1103 Iaoze
352 1034 446 1120 popa
471 1030 573 1098 Cletus
596 1033 662 1118 apri
676 1009 800 1119 ptlapdlc
826 1031 1065 1123 alopitca‘aydt,
1098 1033 1220 1122 mellyel
1250 1057 1273 1100 a

157 1139 336 1206 laromkatc‘
357 1141 465 1227 capyis
488 1139 589 1204 cotta·
614 1137 668 1223 (de
691 1140 768 1205 Bcel
790 1143 885 1206 trium
900 1139 1059 1228 fontium)
1077 1143 1274 1230 apdtadqoalc

173 1296 174 1302 κ
260 1247 401 1334 bizocyoc
424 1247 570 1312 madet
592 1247 837 1334 adorndrcyoaott,
862 1251 1045 1336 deportasti.
1070 1251 1168 1314 1208.

265 1444 472 1512 Innocentius
488 1444 669 1529 Episcopus
686 1464 799 1512 servus
817 1463 981 1516 serrorum
1007 1447 1078 1532 Dei,
1097 1446 1228 1514 dilectis
1242 1446 1275 1512 li-

158 1551 209 1617 liis
225 1552 346 1619 Abbati
363 1557 395 1616 et
411 1552 589 1619 conventui
605 1551 716 1617 Trium
730 1551 879 1620 Fortium
897 1555 1124 1622 cisterciensis
1135 1553 1274 1640 ‚Ordinis

157 1659 327 1744 agriensis
343 1657 514 1725 Dioecesis
534 1660 673 1742 salutem
699 1665 731 1724 et
757 1658 978 1744 Apostolicam
1004 1662 1275 1728 benedictionem.

159 1767 236 1834 (lum
254 1789 275 1834 a
291 1768 384 1834 nobis
400 1768 522 1852 petitur
548 1767 634 1850 quod
646 1767 770 1851 justum
788 1775 838 1836 est
854 1775 886 1835 et
901 1769 1079 1852 honestum,
1098 1775 1167 1834 tam
1182 1769 1276 1853 vigor

160 1877 335 1958 aequitatis
352 1895 451 1958 quam*
465 1873 543 1941 ordo
559 1875 662 1958 exigit
677 1876 825 1961 rationis,
842 1881 876 1940 ut
896 1875 931 1941 id
955 1885 1014 1962 per
1040 1875 1277 1944 solicitudinem

160 1983 258 2052 officii
282 1984 385 2050 nostri
410 1985 452 2050 ad
481 1983 623 2050 debitum
648 1985 865 2070 perducamus
892 1985 1049 2052 effectum.
1074 1983 1161 2068 (lum,
1180 1985 1280 2067 igitur

159 2093 265 2158 bonac
280 2091 456 2156 memoriae
473 2091 581 2158 Olelus
593 2091 777 2178 Episcopus
788 2092 968 2176 agriensis,
980 2093 1063 2158 sicut
1078 2092 1276 2178 accepimus,

161 2206 292 2264 restrae
307 2217 421 2264 sacrae
436 2199 603 2280 religionis
620 2199 764 2283 obtentu,
801 2197 895 2283 cujus
920 2199 1131 2266 observantia
1155 2197 1198 2264 ad
1221 2198 1279 2264 ho·

162 2326 271 2372 norem
298 2305 409 2372 Dirini
432 2306 581 2372 Numinis
597 2303 809 2372 laudabiliter
832 2303 999 2372 desudans
1024 2306 1169 2372 decimas
1197 2325 1277 2389 quo-

161 2413 299 2479 rundam
322 2412 539 2498 praediorum,
563 2419 722 2479 terrarum
748 2419 779 2478 et
805 2411 972 2480 vinearum
997 2413 1144 2496 ejusdem
1168 2433 1280 2481 mona·

161 2522 250 2588 sterii
259 2521 465 2587 existentium
481 2520 514 2586 in
529 2521 683 2588 Diaeoesi
693 2521 853 2605 Agriensi‚
871 2540 956 2604 quae
972 2523 1278 2606 quinquagesimam

161 2637 286 2715 partem
303 2629 499 2695 decimarum
516 2628 680 2714 adipsum
697 2629 912 2713 spectantium
936 2613 1002 2695 non
1027 2631 1196 2715 excedunt,
1219 2649 1277 2714 pro

162 2737 395 2805 sustentatione
411 2743 522 2804 vestra
538 2735 578 2802 de
594 2755 730 2804 assensu
756 2737 899 2823 Capituli
925 2738 976 2803 sui
1001 2737 1200 2806 monasterio
1225 2757 1279 2806 vc·

163 2853 228 2913 stro
245 2847 444 2936 liberalitato
457 2845 514 2932 pia
531 2851 564 2912 et
577 2843 713 2930 provida
729 2846 762 2911 in
789 2852 984 2932 perpetuum
1008 2847 1136 2914 duxerit
1163 2865 1277 2912 conce·

162 2951 299 3038 dandas,
315 2959 410 3039 prout
425 2953 457 3020 in
473 2953 575 3037 ipsius
592 2950 708 3018 littoris
727 2953 884 3020 coniectis
900 2953 1018 3022 exinde
1043 2952 1174 3040 plenius
1200 2953 1293 3019 dici·¹

163 3067 214 3127 tur
231 3062 407 3146 contineri;
427 3079 487 3128 nos
504 3060 621 3128 vestris
646 3060 797 3145 precibus
822 3059 978 3146 inclinati,
1005 3065 1092 3146 quod
1119 3081 1179 3148 per
1204 3080 1278 3132 eun-

165 3169 238 3236 dem
256 3189 354 3256 super
369 3169 431 3236 hoc
446 3170 501 3255 pie
517 3176 550 3234 et
565 3167 699 3254 provide
717 3169 838 3236 factum
854 3177 914 3253 est,
940 3171 1114 3242 autoritate
1139 3171 1278 3254 Aposto-

163 3277 226 3344 lica
242 3278 469 3345 confirmamus
485 3285 517 3344 ot
527 3278 709 3364 praesentis
716 3279 832 3368 scripti
846 3279 1025 3363 patrocinio
1035 3281 1277 3345 communimus.
1302 3326 1303 3330 η

164 3386 253 3451 Nulli
270 3405 348 3472 ergo
364 3387 493 3452 omuino
518 3385 681 3452 hominum
710 3383 810 3452 liceat
840 3387 927 3452 hanc
958 3387 1115 3472 paginam
1133 3373 1278 3450 ‘nostrae
1371 3422 1373 3428 ·

166 3492 417 3561 confirmationis
441 3493 616 3577 infringere
646 3495 700 3560 vel
731 3493 762 3559 ei
793 3512 875 3559 ausu
905 3493 1077 3562 temerario
1110 3493 1280 3558 contraire.

167 3601 274 3688 Siquis
306 3611 413 3671 autem
445 3604 508 3669 hcc
540 3609 703 3671 attentare
734 3603 1000 3698 praesumpserit,
1025 3599 1279 3686 indignationem

167 3709 405 3796 omnipotentis
420 3712 483 3778 Dei
509 3719 542 3777 et
566 3713 739 3778 Beatorum
763 3709 851 3776 Petri
876 3715 909 3776 et
932 3710 1027 3776 Pauli
1053 3707 1279 3795 Apostolorum

168 3819 237 3902 ejus
253 3837 289 3885 se
305 3819 432 3886 noverit
446 3819 657 3886 incursurum.
667 3903 670 3910 ¹
681 3819 800 3884 Datum
823 3817 949 3891 Perusii
965 3817 1019 3884 IV.
1035 3816 1112 3884 Idus
1128 3816 1279 3885 lanuarii

166 3925 376 3994 Pontificatus
392 3927 494 3996 nostri
511 3948 596 3996 anno
612 3926 751 3996 decimo.

237 4146 399 4222 (mprrmy
416 4147 536 4204 icariae
554 4143 804 4219 gydjtcmdnydbdl
821 4143 861 4202 40.
879 4143 910 4200 s.
930 4143 979 4200 1v.
999 4121 1058 4200 ior.
1074 4140 1138 4220 aar.
1158 4137 1199 4213 r).
1259 4101 1261 4106 ’
