3214 5066
571 329 576 344 ·
639 305 797 407 „aa

686 791 762 858 111.

212 970 281 1036 ΙΙΙ.
298 969 459 1048 Honorias
470 974 560 1058 papa
577 971 625 1035 ΙΙ.
646 969 749 1035 Badra
764 971 884 1058 kirctpc
898 975 935 1057 uj
950 971 1222 1039 coarctabamur

586 1078 737 1170 btaeditjo.
754 1079 851 1143 1223.

266 1257 426 1324 Honorius
444 1257 626 1344 Episcopus
643 1264 703 1325 etc.
720 1241 898 1326 karissimo
909 1258 942 1325 in
956 1259 1082 1327 Christo
1098 1258 1165 1327 filio
1190 1309 1197 1326 .
1215 1311 1223 1327 .
1241 1309 1249 1327 .
1266 1311 1274 1328 .

162 1364 287 1430 Illustri
304 1363 386 1450 Regi
409 1365 554 1450 Ungarie
571 1367 710 1432 salntem
727 1373 787 1432 etc.
818 1368 926 1434 Iustus
950 1368 1108 1434 Dominus
1127 1369 1162 1434 in
1179 1349 1276 1438 ornul-

163 1472 222 1540 bus
255 1473 318 1540 viis
349 1475 434 1555 suis,
459 1475 514 1558 qui
545 1475 717 1558 unicnique
748 1495 807 1562 pro
837 1476 959 1542 meritis
990 1477 1151 1560 condigna
1184 1479 1273 1542 retri-

162 1580 294 1645 butione
320 1580 523 1666 respondet,¹
539 1582 624 1648 circa
648 1584 813 1666 negotium
838 1591 922 1650 terre
947 1584 1066 1651 Sancte
1097 1605 1187 1670 spem
1218 1603 1272 1672 po-

159 1689 227 1773 puli
243 1684 413 1754 christiani
430 1686 509 1755 serit
523 1689 699 1772 aliqnando
715 1689 897 1776 prosperis,
923 1697 955 1761 et
979 1692 1137 1758 interdum
1162 1693 1274 1762 debili-

159 1797 278 1862 taverit
302 1789 461 1862 aduersis.
494 1796 698 1878 Oquantum
725 1795 917 1866 christicolis
944 1799 1115 1874 ridebatur
1130 1801 1275 1868 arridere

158 1903 378 1989 prosperitas!
406 1901 434 1972 0
459 1911 614 1988 quantum
630 1901 778 1972 illuxisse
796 1906 986 1972 credebatur
1001 1906 1152 1982 fidelibus
1168 1908 1274 1976 felicis

159 2030 277 2078 aurora
293 2031 520 2097 successuum,
549 2010 676 2094 quaudo
700 2013 995 2096 crucesignatorum
1011 2016 1172 2082 exercitus
1189 2017 1275 2102 Egy·
1322 2003 1325 2010 ’
1382 2099 1392 2113 '

158 2125 249 2203 ptum
266 2120 471 2204 aggrediens,
480 2129 554 2203 post
570 2121 685 2186 turrim
702 2127 842 2204 captam,
853 2129 927 2208 post
942 2123 1111 2190 transitum
1126 2121 1274 2208 fluminis,

158 2235 233 2311 post
255 2226 368 2294 hostes
393 2227 563 2294 exterritos
593 2229 626 2293 iu
658 2217 917 2295 aduersariorum
947 2229 1143 2297 stationibus
1168 2237 1275 2298 castra

159 2336 238 2416 fixit,
256 2341 289 2400 et
304 2334 509 2416 Damiatam,
527 2354 589 2417 que
604 2336 702 2401 robur
719 2331 913 2403 censebatur
929 2337 1068 2424 Egypti,
1085 2338 1174 2404 duris
1189 2339 1274 2404 obsi·

159 2442 266 2509 dionis
291 2435 448 2524 angustiis
473 2444 650 2508 coartavitl
682 2445 747 2510 Res
767 2444 900 2527 ,quidem
930 2433 1088 2532 agebatur
1118 2446 1273 2530 miraculi,

160 2571 231 2616 cum
247 2549 415 2633 Dominus,
433 2551 486 2632 qui
503 2553 602 2636 elegit
617 2551 744 2620 infirma
759 2553 878 2637 muudi,
893 2561 928 2620 ut
944 2551 1151 2621 confunderet
1168 2554 1276 2639 fortia,

160 2659 326 2726 civitatem
343 2660 574 2745 expugnationi
592 2659 757 2727 difficilem
775 2682 813 2728 eo
829 2669 973 2748 tempore
990 2661 1121 2728 tradidit
1136 2662 1275 2746 gerenti·

158 2767 219 2834 bus
244 2766 365 2834 bellum
391 2765 478 2850 eius,
505 2787 567 2849 quo
595 2767 779 2834 invaluerat
797 2769 930 2836 multum
947 2771 1049 2854 partis
1065 2768 1202 2836 adverse
1218 2787 1274 2854 po·

160 2875 283 2958 tentia,
308 2881 341 2941 ct
365 2873 551 2940 abreviatas
578 2881 649 2940 erat
674 2895 738 2944 non
754 2875 915 2942 modicum
930 2885 1109 2944 nostrorum
1125 2897 1275 2944 uumerus

159 2983 363 3051 bellatorum.
379 2981 532 3048 Habebat
548 2989 656 3048 autem
667 2985 699 3049 in
709 2981 772 3050 biis
784 2981 978 3052 universitas
990 2985 1177 3070 christiana,
1188 2987 1275 3055 unde

159 3091 365 3178 pretenderet
381 3091 474 3178 quasi
491 3095 576 3157 certe
593 3093 664 3177 spei
680 3091 831 3160 fiduciam
846 3094 880 3158 in
898 3091 1058 3158 futurum:
1075 3113 1184 3160 verum
1203 3113 1275 3162 suc·

161 3199 348 3290 cedentibus
365 3201 527 3284 prosperis
543 3199 683 3267 victores
701 3201 792 3266 obliti
802 3221 920 3267 nomen
929 3201 1059 3266 Domini
1075 3208 1150 3285 post
1165 3203 1275 3268 trium·

158 3311 258 3398 pbum
276 3309 354 3374 dato
370 3292 542 3374 virtutibus
558 3308 668 3374 libello
684 3307 809 3392 repudii
824 3309 872 3373 sic
889 3315 1081 3376 contraxere
1091 3329 1163 3374 cnm
1176 3310 1274 3393 vitiis,

160 3417 248 3501 qnod
263 3417 495 3484 detrahebatur
511 3415 595 3500 fidei,
627 3417 683 3482 ubi
700 3417 908 3483 convertendi
924 3415 1053 3482 fueraut
1068 3415 1225 3501 infideles,
1242 3425 1275 3483 et

160 3527 263 3594 maior
279 3533 349 3591 erat
364 3531 567 3612 peccatorum
585 3523 786 3607 commissio,
810 3525 865 3590 ubi
880 3525 982 3590 maior
999 3523 1144 3590 remissio
1160 3542 1275 3608 spera·

161 3639 267 3704 batur.
277 3635 478 3720 Quapropter
493 3640 687 3719 prouocatus
698 3633 856 3701 Dominus
867 3631 1033 3700 dexteram
1048 3631 1082 3698 in
1099 3632 1289 3717 sinistram*

161 3756 193 3816 et
208 3746 348 3834 gratiam
363 3745 498 3810 mutavit
513 3743 545 3807 in
561 3743 660 3823 iram,
687 3743 844 3829 citharam
868 3741 962 3808 nobis
985 3742 1082 3809 rertit
1097 3743 1130 3808 in
1146 3743 1275 3826 luctum,

161 3862 193 3922 et
206 3854 362 3940 gaudium
377 3853 543 3918 transtulit
558 3852 590 3917 in
607 3869 781 3935 merorem,
807 3871 877 3917 cum
887 3901 896 3936 ,
924 3854 1042 3920 uostris
1059 3852 1091 3918 in
1109 3871 1205 3918 manu
1221 3850 1275 3917 luo-

162 3964 227 4031 stili
244 3960 404 4030 conclusis
422 3965 454 4032 et
468 3959 596 4054 perdita
610 3957 786 4042 Drmiam,
813 3959 903 4026 brevi
929 3959 1052 4026 dierum
1077 3979 1210 4026 numero
1227 3959 1292 4024 sicr

162 4073 319 4138 exinaniti
333 4071 460 4136 suerunt
474 4068 629 4153 temporis
640 4068 729 4152 longi
739 4067 878 4152 labores,
891 4069 975 4150 quod
990 4089 1053 4134 uon
1070 4069 1172 4134 solum
1188 4068 1274 4134 blas·
1331 4062 1344 4152 j

161 4181 350 4268 phemornm
366 4177 490 4244 iniuriis
506 4196 622 4243 nomen
639 4181 689 4242 est
705 4175 886 4262 expositum
903 4176 1137 4258 Christianum,
1163 4194 1274 4242 rerum

164 4290 261 4356 etiam
277 4309 340 4373 quo
356 4287 397 4353 ad
413 4287 561 4369 aliquos,
588 4285 642 4368 qui
668 4284 843 4368 aliquando
871 4285 1183 4351 communicaverant
1197 4281 1275 4349 fidei

164 4394 383 4484 contemptui,
408 4394 503 4462 datus
530 4400 580 4462 cst
603 4392 675 4478 ipse
703 4391 866 4460 cbristus:
899 4391 1089 4459 undescota
1106 4389 1275 4460 cstdurior

165 4517 238 4596 post
252 4505 499 4592 prosperitatem
516 4501 710 4586 adversitas,
728 4509 760 4568 et
777 4521 816 4567 eo
832 4499 937 4566 minus
953 4499 1067 4566 babuit
1083 4500 1274 4567 consolatio·
1376 4555 1379 4562 .

165 4614 367 4700 nisalflictio,
384 4631 445 4696 quo
456 4611 561 4676 minus
578 4615 770 4693 argumenta
785 4607 1011 4694 prosperitatis
1025 4610 1188 4694 proterite,
1200 4607 1274 4674 snb·
