3214 5072
789 393 948 496 Q

319 585 399 654 oitur
416 587 614 673 Gueldeguh,
632 593 664 654 et
679 589 770 654 iuxta
785 587 890 681 ripsm
906 595 957 653 est
972 595 1068 670 mete,
1094 587 1235 674 indeque
1259 591 1424 658 transiens
1486 630 1488 638 ι

318 715 376 780 per
401 694 593 792 arundineta
614 717 687 762 oum
713 695 875 762 densitate
905 703 1061 762 metarum
1092 699 1182 764 uenit
1211 699 1254 764 ad
1287 697 1425 782 Tisiam,

317 803 408 868 iuxta
425 804 513 870 euius
529 805 633 888 ripam
648 805 682 870 in
697 805 768 870 loeo
784 804 839 886 qui
854 804 970 870 dieitur
993 788 1175 872 iinreuohnl
1191 810 1241 870 est
1256 813 1354 890 meto,
1376 807 1424 872 in-

317 911 421 993 deque
437 911 569 978 ueniens
585 911 629 976 od
646 913 760 997 loonm,
780 931 839 997 per
864 932 959 998 quem
974 913 1014 978 de
1038 914 1185 999 predicta
1210 916 1335 980 Mortuo
1359 920 1425 987 trs-

316 1017 433 1084 truntnr
463 1038 566 1085 naues
586 1018 909 1100 inTieium,'eti11de
926 1027 1201 1106 quantumcunque
1226 1021 1310 1086 idem
1342 1021 1426 1086 Mor·-

315 1131 371 1190 tno
387 1145 488 1208 nsque
504 1126 703 1218 admedium
719 1127 809 1193 Tieie
836 1129 991 1212 empleeti
1016 1137 1123 1215 potest
1146 1131 1237 1196 nullo
1264 1128 1424 1195 contradi-

316 1241 409 1299 oente
434 1240 485 1299 est
509 1232 730 1300 confirmatum
746 1231 903 1300 Eoolesie.
927 1237 964 1302 In
978 1236 1058 1312 nilla
1074 1235 1310 1319 Baianosque
1326 1241 1378 1302 est
1390 1235 1425 1300 in

313 1341 483 1425 prouincia
498 1340 694 1408 Oenediensi
709 1341 764 1408 isti
780 1348 853 1406 snut
869 1343 973 1408 serni:
992 1343 1124 1426 Wodos,
1141 1346 1270 1426 Demus,
1288 1342 1425 1423 Demeh,

301 1445 420 1532 ¹Wiou,
451 1447 549 1534 Song.
581 1450 619 1514 In
642 1449 724 1515 uilla
750 1451 895 1545 Q&
914 1450 960 1534 hij
987 1459 1063 1516 sunt
1087 1451 1315 1534 ionbsgiones:
1339 1451 1424 1516 filius

316 1555 420 1621 dietus
436 1555 545 1623 Enzen
562 1575 633 1622 eum
648 1551 715 1622 tilio
732 1576 790 1622 suo
807 1558 898 1640 Pour,
925 1557 1010 1624 tilius
1034 1559 1129 1640 Pour,
1155 1559 1312 1641 Feketeu,
1338 1558 1425 1624 tilius

316 1662 462 1748 Vendek,
478 1664 575 1729 Petur
599 1684 669 1729 oum
694 1657 770 1728 filiis
802 1665 878 1748 suis,
905 1664 1108 1745 Oheuehzob,
1138 1666 1231 1750 Jege,
1261 1665 1423 1750 Querend‚

319 1769 421 1837 freter
436 1771 506 1835 eins
516 1769 635 1852 Nereh,
651 1769 816 1853 filiiYson,
833 1771 922 1854 Rieu,
940 1771 1041 1838 frater
1056 1774 1126 1838 eins
1143 1771 1261 1840 Villun.
1277 1773 1333 1857 Hij
1351 1781 1426 1838 sunt

320 1897 496 1962 agasones:
519 1878 605 1944 filius
629 1879 707 1962 Pot,
733 1879 835 1945 Zenid
859 1899 930 1944 eum
953 1878 1028 1946 tiliis
1061 1881 1126 1946 sui·
1157 1881 1320 1964 Bolehou,
1354 1883 1426 1948 Ste

319 1987 438 2072 phano,
469 1987 615 2069 Fereuis,
641 1987 782 2052 Nummu
807 2006 879 2052 oum
904 1985 979 2050 filiis
1004 1987 1071 2054 suis
1096 1987 1196 2069 Leke,
1221 1988 1315 2069 Heio,
1339 1985 1425 2054 filins

318 2096 431 2175 Jseou,
448 2095 570 2160 Poteun
602 2112 673 2160 oum
698 2093 772 2160 filiis
800 2094 866 2160 suis
891 2094 1048 2177 Ciquilou,
1074 2097 1201 2177 Ketenl,
1226 2094 1322 2179 Finti,
1346 2095 1425 2176 Bou,

317 2202 403 2268 iilius
433 2200 580 2286 Bekeyd,
611 2199 728 2280 Poond,
758 2199 843 2267 filius
871 2200 992 2284 Oheke,
1026 2203 1132 2290 Buine
1157 2220 1229 2268 oum
1254 2201 1330 2268 filiis
1348 2203 1425 2286 suis,

320 2311 419 2395 Oeley
436 2328 505 2374 euru
521 2307 597 2372 filiis
613 2307 689 2390 suis,
701 2306 832 2391 choma,
850 2306 1014 2394 Chematu,
1027 2309 1222 2394 Chemonog,
1240 2309 1340 2377 irater
1356 2311 1426 2403 eius

319 2416 435 2482 Miohu.
469 2417 620 2504 Preteree
644 2415 699 2480 isti
732 2425 805 2482 sunt
830 2415 996 2482 surriseri:
1029 2399 1113 2484 filins
1145 2417 1249 2484 Vosos
1259 2465 1269 2498 ,
1301 2416 1425 2502 Oisyme

319 2545 391 2590 oum
415 2521 565 2590 filiosuo
580 2523 712 2606 Domus,
745 2521 829 2588 filius
853 2523 964 2612 Mogd,
978 2524 1131 2608 Chemnd,
1156 2524 1241 2592 filius
1267 2525 1425 2608 Stephon,

318 2633 401 2698 Paul
415 2630 500 2698 fitius
525 2633 610 2716 Aps,
626 2629 828 2715 Nenrenohe,
853 2629 938 2698 filius
954 2631 1053 2717 Arud,
1071 2630 1174 2698 calix.
1199 2634 1353 2700 Preteres
1370 2633 1426 2696 isti

314 2745 393 2806 sunt
416 2739 616 2825 piscatores:
651 2738 752 2804 Filius
777 2738 893 2821 Bodor,
921 2739 1038 2822 Ouohe,
1064 2737 1123 2804 tilii
1148 2741 1283 2826 Syguer,
1310 2740 1426 2826 Bnhte,

317 2849 429 2930 Botus,
446 2846 530 2912 fitius
546 2848 667 2930 Enueu,
684 2847 782 2930 Silen,
798 2845 856 2911 filii
871 2846 972 2931 Heou,
989 2847 1115 2925 Toeto,
1141 2848 1245 2914 Hede.
1270 2849 1426 2915 Preteree

318 2955 373 3030 isti
396 2963 467 3022 sunt
491 2961 655 3020 aratores:
680 2953 765 3020 fitius
782 2955 912 3035 Gur-ab,
938 2955 1038 3042 Helen
1063 2975 1133 3022 enm
1160 2954 1235 3020 tiliis
1261 2957 1338 3039 suis,
1364 2957 1425 3022 Gu-

318 3085 401 3149 mou,
418 3063 558 3130 Chemen
574 3084 646 3130 oum
660 3061 735 3130 filiis
752 3063 818 3128 suis
835 3071 867 3128 et
883 3063 1000 3131 Suntne
1017 3063 1118 3129 frater
1134 3083 1253 3140 eorum,
1278 3063 1336 3129 filii
1361 3066 1425 3132 Ke-

318 3193 398 3266 mus,
415 3171 511 3238 Feles
528 3193 598 3240 oum
613 3171 680 3238 filio
697 3191 755 3236 suo
772 3169 863 3254 Vige,
895 3165 996 3238 freter
1026 3173 1095 3238 eius
1125 3173 1215 3237 Kens
1244 3191 1316 3238 eum
1346 3169 1423 3238 tiliis

318 3281 396 3364 suis,
413 3282 517 3364 Petur,
535 3288 570 3348 et
586 3279 754 3364 Georgius,
779 3279 836 3344 filii
861 3281 999 3364 Erineg;
1023 3287 1098 3346 snut
1128 3287 1160 3344 et
1192 3279 1320 3346 Thenki
1351 3300 1424 3347 onrn

316 3389 464 3456 filiosuo
490 3389 547 3466 Bo,
571 3388 690 3454 fratres
715 3387 766 3452 sui
790 3388 912 3466 Hodns,
937 3388 1070 3478 Ronein,
1096 3386 1156 3452 filii
1181 3385 1319 3471 sennes,
1346 3389 1422 3472 Suo,

247 3485 250 3499 ¹
317 3497 419 3580 Elios,
436 3495 494 3563 filii
510 3497 640 3582 Syneon,
657 3494 769 3579 Soron,
788 3495 930 3578 Gnedeu,
956 3494 1040 3560 filius
1071 3495 1182 3578 Misse,
1208 3495 1323 3561 Hotus.
1348 3495 1423 3579 Hijs

317 3603 411 3670 dietis
426 3603 653 3670 transeundum
669 3609 719 3669 eet
742 3605 786 3670 nd
811 3611 932 3668 metes:
959 3603 1066 3670 Prima
1091 3610 1183 3668 meto
1205 3610 1291 3668 terre
1318 3603 1425 3688 predii

318 3709 996 3796 deBeseneu,ineipitameridionaliplogu
1012 3713 1095 3777 vitra
1106 3730 1223 3792 uquam
1235 3729 1298 3793 qne
1309 3709 1425 3786 dieitur

318 3819 441 3911 'fulgus
458 3819 541 3903 fone,
560 3827 593 3885 et
608 3821 697 3885 uenit
711 3841 771 3906 per
787 3825 935 3902 stagnum
950 3819 1120 3905 Hegymus
1135 3836 1240 3902 nsque
1256 3819 1299 3884 ud
1315 3817 1422 3903 Ournk

317 3927 393 4008 inde
408 3927 512 3994 tendit
526 3947 584 4014 per·
600 3927 782 4012 Enrizuelgi
807 3947 918 4016 uersus
945 3929 1140 4010 aquillonem
1168 3929 1212 3994 ed
1238 3929 1336 4007 uiam,
1360 3945 1423 4011 que

318 4037 405 4104 duoit
420 4027 463 4103 e'd
479 4037 591 4104 uillam
608 4037 703 4120 Saea,
720 4037 766 4101 ibi
782 4045 832 4102 est
855 4043 963 4120 metu,
988 4037 1063 4103 inde
1089 4037 1179 4103 uenit
1203 4057 1261 4120 per
1285 4035 1423 4102 eandem

317 4149 436 4214 uallem
460 4167 561 4231 usque
587 4146 629 4212 ad
655 4146 824 4213 terminum
841 4146 980 4212 Abbatis
1006 4143 1045 4210 de
1060 4145 1198 4240 ¹Batey;
1222 4153 1254 4211 et
1278 4146 1354 4214 inde
1380 4144 1424 4210 sd

317 4255 437 4322 fossam
453 4277 605 4341 magnam
622 4263 654 4320 et
670 4255 783 4339 incipit
809 4253 995 4320 nommeteri
1020 4237 1093 4320 eum*
1114 4239 1201 4319 terra
1224 4251 1301 4318 tiliis
1317 4261 1350 4318 et
1367 4273 1421 4318 oo-

318 4364 426 4446 gnetis
456 4365 583 4447 Bodnr;
621 4364 698 4429 inde
738 4363 840 4430 tendit
879 4381 991 4428 uersus
1031 4363 1186 4428 orientem
1223 4361 1421 4428 transeundo

317 4472 508 4540 Posuueous
522 4493 623 4556 usque
639 4471 682 4538 ad
698 4471 784 4538 uiam
800 4477 833 4536 et
848 4479 897 4536 est
913 4470 957 4536 ibi
972 4477 1071 4553 meta,
1084 4471 1222 4554 indeque
1239 4471 1422 4539 extenditur

317 4578 412 4647 metis
429 4581 625 4666 interpositis
641 4579 684 4646 ed
700 4579 820 4647 fossam
837 4585 868 4644 et
884 4579 929 4646 ibi
944 4585 1018 4646 sunt
1032 4579 1094 4644 due
1109 4588 1203 4662 mete,
1220 4586 1252 4644 et
1271 4579 1318 4646 ibi
1342 4579 1421 4644 inei-

317 4689 365 4784 pit
381 4688 501 4766 hebere
520 4691 688 4766 terminum
716 4709 786 4756 eum
811 4695 897 4756 terre
922 4688 998 4756 uille
1023 4687 1124 4772 Pupi,
1149 4693 1186 4751 et·
1205 4685 1280 4754 inde
1304 4687 1422 4754 transit
