3214 5066
219 1083 286 1148 ΙΙΙ.
312 1084 401 1148 Ionae
421 1087 510 1171 pdpo
535 1103 556 1145 α
573 1079 802 1167 pouuonlolmi
826 1083 1044 1148 amolmdrtoai
1058 1083 1221 1170 npdbdpot

334 1187 768 1277 Deakp(sau1)tircokooan
791 1189 984 1256 altuluoczao.
1003 1191 1100 1256 1212.

268 1387 472 1454 Innocentius
489 1387 669 1473 Episcopus
694 1405 807 1454 servus
827 1405 974 1454 sevorum
988 1385 1051 1454 Dei
1074 1385 1267 1456 venerabili-

157 1497 222 1562 bus
238 1493 391 1562 iratribus
407 1493 591 1562 laurinensi
607 1501 640 1560 et
654 1494 886 1580 Vesprimiensi
906 1493 1085 1580 Episcopis,
1102 1499 1136 1560 et
1151 1494 1270 1560 dilecto

159 1601 228 1668 filio
253 1603 488 1670 Archidiaconc
522 1603 657 1668 Albensi
683 1601 930 1686 vesprimiensis
955 1603 1105 1669 Dioossis
1130 1601 1268 1666 salutem

160 1715 196 1774 et
209 1709 428 1795 Apostolieam
453 1707 719 1776 benedictionem.
744 1709 943 1775 Dileotcrnm
968 1709 1104 1775 filiorum
1129 1707 1267 1775 Abbatis

160 1825 195 1883 et
210 1818 394 1885 conuectos
410 1817 598 1885 Moncsterii
623 1817 734 1886 Sancti
752 1817 883 1884 Martini
908 1816 948 1886 de
964 1819 1133 1884 Pannonia
1148 1816 1270 1902 recepi-

159 1946 231 1993 mus
248 1927 467 2010 questionem:
486 1926 570 2010 qnod
585 1925 780 2000 uenerabilis
797 1923 897 1993 irater
912 1931 1021 1993 noster
1036 1924 1269 2011 strigoniensis

158 2034 429 2121 Archiepiscopns
445 2033 486 2102 de
502 2033 694 2119 quibusdam
727 2031 813 2100 villis
830 2017 948 2116 eornm,
973 2033 1052 2100 Sala
1072 2032 1224 2099 uidelicet
1238 2037 1271 2098 et

105 2139 254 2230 mac,
271 2143 414 2210 decimas
441 2141 505 2208 sibi
523 2141 697 2208 nendicare
721 2141 834 2207 nititur
861 2139 965 2210 minus
992 2142 1085 2226 iuste,
1101 2139 1273 2208 occasione

160 2270 297 2334 quarum
313 2253 414 2319 bones
442 2257 474 2315 ct
498 2269 550 2316 res
575 2250 659 2318 alias
683 2247 863 2316 bominibus
887 2249 1103 2334 predictarum
1122 2248 1270 2316 villarum

159 2361 194 2425 in
209 2377 319 2425 eorum
342 2357 550 2444 preindieinm
573 2355 760 2422 auferendo.
785 2357 927 2441 Ideoque
951 2357 1138 2425 discretioni
1161 2361 1270 2423 nostre

158 2489 217 2554 per
231 2466 424 2553 Apostolica
451 2467 571 2551 scripta
596 2465 798 2550 mandamns,
823 2473 980 2548 qnatenus
996 2466 1142 2553 partibus
1158 2483 1267 2532 coram

158 2575 252 2642 vobis
269 2573 462 2657 certificatis,
476 2559 613 2640 causam
626 2573 845 2657 appellatione
860 2581 985 2640 remota
1002 2573 1066 2642 fine
1082 2573 1191 2640 debito
1206 2580 1269 2638 ter·

158 2684 299 2767 minatis,
331 2683 487 2748 facientes
513 2683 597 2764 qnod
613 2679 819 2748 decreveritis
839 2702 897 2768 per
914 2670 1081 2749 censuram
1113 2679 1268 2748 ecclesia·

98 2810 105 2824 ·
158 2793 273 2860 sticam
289 2789 420 2858 tirmiter
436 2789 611 2857 obseruari.
637 2789 750 2856 Testes
775 2797 881 2858 autem
900 2791 955 2874 qui
970 2791 1087 2879 luerint
1104 2788 1271 2876 nominati,

157 2903 187 2970 si
202 2921 239 2968 se
255 2901 387 2986 gracia,
412 2901 486 2968 odio
509 2899 564 2966 uel
588 2898 700 2965 timore
716 2899 943 2983 subtraxerint,
958 2919 1016 2984 per
1035 2899 1268 2965 districtionem

157 3009 298 3076 eandem
321 3007 530 3096 appelatione
560 3011 684 3073 remota
718 3009 843 3094 cogatis
886 3007 1015 3074 ueritati
1054 3007 1269 3074 testimoninm

156 3107 339 3205 perbibere.
357 3115 450 3193 Quod
465 3115 494 3182 si
517 3135 580 3181 non
597 3133 707 3182 omnes
722 3115 785 3182 hiis
801 3115 999 3198 exequendis
1009 3115 1156 3202 poteritis
1172 3115 1267 3181 inter-

157 3246 242 3310 esse,
275 3227 338 3294 duo
354 3231 495 3292 vestrum
525 3243 565 3288 ea
594 3222 820 3289 nichilominus
840 3229 1050 3307 exequantur.
1073 3223 1191 3288 Datum
1207 3221 1269 3288 'Pu-

155 3335 237 3402 derii
251 3335 296 3401 Il.
320 3332 397 3400 Idus
412 3331 489 3417 bloy
512 3328 718 3440 Pontificatns
743 3331 846 3398 nostri
870 3330 964 3397 Anno
989 3329 1179 3398 duodecimo
1196 3326 1268 3416 (be-

155 3435 440 3529 tyerebben140).

513 3651 568 3725 (Aa
586 3651 693 3711 eredeti
710 3649 788 3709 utdn.
806 3651 907 3724 carot).

589 3932 829 3944 ---—--.....
