<?xml version="1.0" encoding="UTF-8"?>
<!DOCTYPE html PUBLIC "-//W3C//DTD XHTML 1.0 Transitional//EN"
    "http://www.w3.org/TR/xhtml1/DTD/xhtml1-transitional.dtd">
<html xmlns="http://www.w3.org/1999/xhtml" xml:lang="en" lang="en">
 <head>
  <title>
</title>
<meta http-equiv="Content-Type" content="text/html;charset=utf-8" />
  <meta name='ocr-system' content='tesseract 3.04.00' />
  <meta name='ocr-capabilities' content='ocr_page ocr_carea ocr_par ocr_line ocrx_word'/>
</head>
<body>
  <div class='ocr_page' id='page_1' title='image "./codexdiplomatic20wenzgoog_0307.png"; bbox 0 0 3222 5054; ppageno 0'>
   <div class='ocr_carea' id='block_1_1' title="bbox 239 347 1449 1714">
    <p class='ocr_par' dir='ltr' id='par_1_1' title="bbox 239 347 1449 1714">
     <span class='ocr_line' id='line_1_1' title="bbox 814 347 974 455; baseline 0 0"><span class='ocrx_word' id='word_1_1' title='bbox 814 347 974 455; x_wconf 58' lang='lat'><strong>2⁶⁴...</strong></span> 
     </span>
     <span class='ocr_line' id='line_1_2' title="bbox 327 541 1446 632; baseline 0.003 -18"><span class='ocrx_word' id='word_1_2' title='bbox 327 548 389 614; x_wconf 88' lang='lat' dir='ltr'><strong>hue</strong></span> <span class='ocrx_word' id='word_1_3' title='bbox 403 547 526 616; x_wconf 81' lang='lat' dir='ltr'><strong>hebere</strong></span> <span class='ocrx_word' id='word_1_4' title='bbox 541 545 677 615; x_wconf 88' lang='lat' dir='ltr'><strong>duorum</strong></span> <span class='ocrx_word' id='word_1_5' title='bbox 692 545 851 614; x_wconf 77' lang='lat' dir='ltr'><strong>mensium</strong></span> <span class='ocrx_word' id='word_1_6' title='bbox 867 545 1008 632; x_wconf 75' lang='lat' dir='ltr'><strong>spatium</strong></span> <span class='ocrx_word' id='word_1_7' title='bbox 1033 541 1078 612; x_wconf 83' lang='lat' dir='ltr'><strong>ed</strong></span> <span class='ocrx_word' id='word_1_8' title='bbox 1102 541 1305 631; x_wconf 76' lang='lat' dir='ltr'><strong>probandum</strong></span> <span class='ocrx_word' id='word_1_9' title='bbox 1330 562 1446 631; x_wconf 79' lang='lat' dir='ltr'><strong>excep</strong></span> 
     </span>
     <span class='ocr_line' id='line_1_3' title="bbox 327 649 1446 748; baseline -0.004 -26"><span class='ocrx_word' id='word_1_10' title='bbox 327 656 433 724; x_wconf 91' lang='lat' dir='ltr'><strong>tiones</strong></span> <span class='ocrx_word' id='word_1_11' title='bbox 448 651 590 741; x_wconf 80' lang='lat' dir='ltr'><strong>eusdem,</strong></span> <span class='ocrx_word' id='word_1_12' title='bbox 611 653 691 737; x_wconf 80' lang='lat' dir='ltr'><strong>quie</strong></span> <span class='ocrx_word' id='word_1_13' title='bbox 706 652 830 720; x_wconf 85' lang='lat' dir='ltr'><strong>iudices</strong></span> <span class='ocrx_word' id='word_1_14' title='bbox 846 649 1093 738; x_wconf 75' lang='lat' dir='ltr'>interloquendo</span> <span class='ocrx_word' id='word_1_15' title='bbox 1110 650 1262 748; x_wconf 85' lang='lat' dir='ltr'><strong>dixerunt</strong></span> <span class='ocrx_word' id='word_1_16' title='bbox 1271 703 1281 739; x_wconf 93' lang='lat'><em>,</em></span> <span class='ocrx_word' id='word_1_17' title='bbox 1298 651 1387 737; x_wconf 89' lang='lat' dir='ltr'><strong>quod</strong></span> <span class='ocrx_word' id='word_1_18' title='bbox 1403 651 1446 720; x_wconf 82' lang='lat' dir='ltr'><strong>ab</strong></span> 
     </span>
     <span class='ocr_line' id='line_1_4' title="bbox 327 757 1448 846; baseline -0.003 -18"><span class='ocrx_word' id='word_1_19' title='bbox 327 761 385 829; x_wconf 92' lang='lat' dir='ltr'><strong>illo</strong></span> <span class='ocrx_word' id='word_1_20' title='bbox 400 761 453 829; x_wconf 88' lang='lat' dir='ltr'><strong>die</strong></span> <span class='ocrx_word' id='word_1_21' title='bbox 467 780 572 846; x_wconf 83' lang='lat' dir='ltr'><strong>usque</strong></span> <span class='ocrx_word' id='word_1_22' title='bbox 596 760 641 830; x_wconf 85' lang='lat' dir='ltr'><strong>ed</strong></span> <span class='ocrx_word' id='word_1_23' title='bbox 668 760 751 830; x_wconf 88' lang='lat' dir='ltr'><strong>duos</strong></span> <span class='ocrx_word' id='word_1_24' title='bbox 775 781 906 830; x_wconf 88' lang='lat' dir='ltr'><strong>menses</strong></span> <span class='ocrx_word' id='word_1_25' title='bbox 922 761 1046 830; x_wconf 85' lang='lat' dir='ltr'><strong>futuros</strong></span> <span class='ocrx_word' id='word_1_26' title='bbox 1061 757 1202 846; x_wconf 81' lang='lat' dir='ltr'><strong>probare</strong></span> <span class='ocrx_word' id='word_1_27' title='bbox 1212 761 1295 835; x_wconf 78' lang='lat' dir='ltr'><strong>illes</strong></span> <span class='ocrx_word' id='word_1_28' title='bbox 1309 765 1448 846; x_wconf 81' lang='lat' dir='ltr'><strong>poterut,</strong></span> 
     </span>
     <span class='ocr_line' id='line_1_5' title="bbox 328 867 1447 954; baseline -0.004 -18"><span class='ocrx_word' id='word_1_29' title='bbox 328 877 361 937; x_wconf 91' lang='lat' dir='ltr'><strong>et</strong></span> <span class='ocrx_word' id='word_1_30' title='bbox 385 873 558 940; x_wconf 90' lang='lat' dir='ltr'><strong>noluerunt</strong></span> <span class='ocrx_word' id='word_1_31' title='bbox 582 870 744 937; x_wconf 91' lang='lat' dir='ltr'><strong>humiliter</strong></span> <span class='ocrx_word' id='word_1_32' title='bbox 768 867 916 954; x_wconf 78' lang='lat' dir='ltr'><strong>requisiti</strong></span> <span class='ocrx_word' id='word_1_33' title='bbox 947 869 1221 939; x_wconf 76' lang='lat' dir='ltr'><strong>interlocutoriam</strong></span> <span class='ocrx_word' id='word_1_34' title='bbox 1251 867 1447 950; x_wconf 77' lang='lat' dir='ltr'><strong>huiusmodi,</strong></span> 
     </span>
     <span class='ocr_line' id='line_1_6' title="bbox 239 975 1448 1070; baseline 0 -26"><span class='ocrx_word' id='word_1_35' title='bbox 239 1018 243 1028; x_wconf 84' lang='lat'>·</span> <span class='ocrx_word' id='word_1_36' title='bbox 329 985 543 1066; x_wconf 82' lang='lat' dir='ltr'><strong>contempus</strong></span> <span class='ocrx_word' id='word_1_37' title='bbox 559 978 679 1070; x_wconf 70' lang='lat' dir='ltr'><strong>edico</strong></span> <span class='ocrx_word' id='word_1_38' title='bbox 702 978 861 1046; x_wconf 86' lang='lat' dir='ltr'><strong>indultum</strong></span> <span class='ocrx_word' id='word_1_39' title='bbox 884 975 1252 1064; x_wconf 54' lang='lat' dir='ltr'><strong>effluxere-reuocare,</strong></span> <span class='ocrx_word' id='word_1_40' title='bbox 1278 975 1378 1046; x_wconf 90' lang='lat' dir='ltr'><strong>iidem</strong></span> <span class='ocrx_word' id='word_1_41' title='bbox 1391 996 1448 1044; x_wconf 83' lang='lat' dir='ltr'><strong>no</strong></span> 
     </span>
     <span class='ocr_line' id='line_1_7' title="bbox 329 1085 1446 1174; baseline -0.004 -19"><span class='ocrx_word' id='word_1_42' title='bbox 329 1091 430 1155; x_wconf 78' lang='lat' dir='ltr'><strong>strum</strong></span> <span class='ocrx_word' id='word_1_43' title='bbox 455 1085 657 1156; x_wconf 81' lang='lat' dir='ltr'><strong>audientium</strong></span> <span class='ocrx_word' id='word_1_44' title='bbox 682 1087 895 1174; x_wconf 80' lang='lat' dir='ltr'><strong>appellarunt.</strong></span> <span class='ocrx_word' id='word_1_45' title='bbox 927 1085 1072 1170; x_wconf 80' lang='lat' dir='ltr'>Ideoque</span> <span class='ocrx_word' id='word_1_46' title='bbox 1095 1085 1283 1155; x_wconf 86' lang='lat' dir='ltr'><strong>discretioni</strong></span> <span class='ocrx_word' id='word_1_47' title='bbox 1306 1093 1361 1154; x_wconf 88' lang='lat' dir='ltr'><strong>tue</strong></span> <span class='ocrx_word' id='word_1_48' title='bbox 1385 1103 1446 1172; x_wconf 89' lang='lat' dir='ltr'><strong>per</strong></span> 
     </span>
     <span class='ocr_line' id='line_1_8' title="bbox 326 1193 1447 1282; baseline -0.002 -20"><span class='ocrx_word' id='word_1_49' title='bbox 326 1193 519 1282; x_wconf 69' lang='lat' dir='ltr'><strong>Apostolies</strong></span> <span class='ocrx_word' id='word_1_50' title='bbox 534 1197 657 1282; x_wconf 84' lang='lat' dir='ltr'><strong>scripte</strong></span> <span class='ocrx_word' id='word_1_51' title='bbox 673 1195 874 1273; x_wconf 79' lang='lat' dir='ltr'><strong>mandamns,</strong></span> <span class='ocrx_word' id='word_1_52' title='bbox 891 1201 1050 1280; x_wconf 78' lang='lat' dir='ltr'><strong>quatenus</strong></span> <span class='ocrx_word' id='word_1_53' title='bbox 1076 1193 1105 1262; x_wconf 93' lang='lat' dir='ltr'><strong>si</strong></span> <span class='ocrx_word' id='word_1_54' title='bbox 1129 1201 1180 1261; x_wconf 90' lang='lat' dir='ltr'><strong>est</strong></span> <span class='ocrx_word' id='word_1_55' title='bbox 1205 1193 1271 1275; x_wconf 79' lang='lat' dir='ltr'><strong>ita,</strong></span> <span class='ocrx_word' id='word_1_56' title='bbox 1295 1199 1447 1262; x_wconf 73' lang='lat' dir='ltr'><strong>reuocato</strong></span> 
     </span>
     <span class='ocr_line' id='line_1_9' title="bbox 328 1301 1449 1390; baseline -0.004 -18"><span class='ocrx_word' id='word_1_57' title='bbox 328 1306 363 1372; x_wconf 94' lang='lat' dir='ltr'><strong>in</strong></span> <span class='ocrx_word' id='word_1_58' title='bbox 387 1310 505 1372; x_wconf 76' lang='lat' dir='ltr'><strong>secun</strong></span> <span class='ocrx_word' id='word_1_59' title='bbox 530 1303 694 1387; x_wconf 88' lang='lat' dir='ltr'><strong>debitum,</strong></span> <span class='ocrx_word' id='word_1_60' title='bbox 721 1301 874 1389; x_wconf 88' lang='lat' dir='ltr'><strong>quioquid</strong></span> <span class='ocrx_word' id='word_1_61' title='bbox 898 1309 973 1390; x_wconf 88' lang='lat' dir='ltr'><strong>post</strong></span> <span class='ocrx_word' id='word_1_62' title='bbox 996 1301 1251 1390; x_wconf 79' lang='lat' dir='ltr'><strong>appellationem</strong></span> <span class='ocrx_word' id='word_1_63' title='bbox 1265 1301 1449 1372; x_wconf 86' lang='lat' dir='ltr'><strong>huiusmodi</strong></span> 
     </span>
     <span class='ocr_line' id='line_1_10' title="bbox 329 1409 1447 1499; baseline -0.002 -19"><span class='ocrx_word' id='word_1_64' title='bbox 329 1419 453 1482; x_wconf 88' lang='lat' dir='ltr'><strong>temere</strong></span> <span class='ocrx_word' id='word_1_65' title='bbox 467 1413 631 1480; x_wconf 85' lang='lat' dir='ltr'><strong>inueneris</strong></span> <span class='ocrx_word' id='word_1_66' title='bbox 647 1418 883 1499; x_wconf 75' lang='lat' dir='ltr'><strong>attemptatum,</strong></span> <span class='ocrx_word' id='word_1_67' title='bbox 899 1412 934 1477; x_wconf 91' lang='lat' dir='ltr'><strong>in</strong></span> <span class='ocrx_word' id='word_1_68' title='bbox 949 1410 1121 1498; x_wconf 81' lang='lat' dir='ltr'><strong>principali</strong></span> <span class='ocrx_word' id='word_1_69' title='bbox 1130 1411 1222 1478; x_wconf 79' lang='lat' dir='ltr'><strong>iuxta</strong></span> <span class='ocrx_word' id='word_1_70' title='bbox 1232 1409 1351 1495; x_wconf 89' lang='lat' dir='ltr'><strong>prioris</strong></span> <span class='ocrx_word' id='word_1_71' title='bbox 1360 1429 1447 1478; x_wconf 85' lang='lat' dir='ltr'><strong>mun-</strong></span> 
     </span>
     <span class='ocr_line' id='line_1_11' title="bbox 329 1518 1448 1605; baseline -0.003 -18"><span class='ocrx_word' id='word_1_72' title='bbox 329 1519 398 1587; x_wconf 80' lang='lat' dir='ltr'><strong>dati</strong></span> <span class='ocrx_word' id='word_1_73' title='bbox 413 1521 517 1589; x_wconf 78' lang='lat' dir='ltr'><strong>nostri</strong></span> <span class='ocrx_word' id='word_1_74' title='bbox 532 1527 678 1594; x_wconf 87' lang='lat' dir='ltr'><strong>tenorem</strong></span> <span class='ocrx_word' id='word_1_75' title='bbox 693 1521 808 1605; x_wconf 86' lang='lat' dir='ltr'><strong>preuie</strong></span> <span class='ocrx_word' id='word_1_76' title='bbox 823 1521 949 1588; x_wconf 78' lang='lat' dir='ltr'><strong>ratione</strong></span> <span class='ocrx_word' id='word_1_77' title='bbox 965 1518 1146 1605; x_wconf 80' lang='lat' dir='ltr'><strong>procedes,</strong></span> <span class='ocrx_word' id='word_1_78' title='bbox 1163 1520 1210 1586; x_wconf 90' lang='lat' dir='ltr'><strong>sic</strong></span> <span class='ocrx_word' id='word_1_79' title='bbox 1226 1520 1384 1605; x_wconf 85' lang='lat' dir='ltr'><strong>sollicite,</strong></span> <span class='ocrx_word' id='word_1_80' title='bbox 1401 1519 1448 1586; x_wconf 91' lang='lat' dir='ltr'><strong>sio</strong></span> 
     </span>
     <span class='ocr_line' id='line_1_12' title="bbox 329 1626 1446 1714; baseline 0 -20"><span class='ocrx_word' id='word_1_81' title='bbox 329 1630 513 1714; x_wconf 85' lang='lat' dir='ltr'><strong>prudenter,</strong></span> <span class='ocrx_word' id='word_1_82' title='bbox 529 1628 615 1712; x_wconf 89' lang='lat' dir='ltr'><strong>quod</strong></span> <span class='ocrx_word' id='word_1_83' title='bbox 630 1627 706 1696; x_wconf 89' lang='lat' dir='ltr'><strong>inde</strong></span> <span class='ocrx_word' id='word_1_84' title='bbox 722 1626 846 1697; x_wconf 78' lang='lat' dir='ltr'><strong>debeas</strong></span> <span class='ocrx_word' id='word_1_85' title='bbox 856 1643 882 1696; x_wconf 78' lang='lat' dir='ltr'><strong>&#39;a</strong></span> <span class='ocrx_word' id='word_1_86' title='bbox 898 1626 992 1696; x_wconf 89' lang='lat' dir='ltr'><strong>nobis</strong></span> <span class='ocrx_word' id='word_1_87' title='bbox 1008 1627 1124 1695; x_wconf 90' lang='lat' dir='ltr'><strong>merito</strong></span> <span class='ocrx_word' id='word_1_88' title='bbox 1141 1628 1367 1696; x_wconf 84' lang='lat' dir='ltr'><strong>commendari.</strong></span> <span class='ocrx_word' id='word_1_89' title='bbox 1389 1627 1446 1696; x_wconf 85' lang='lat' dir='ltr'><strong>Oe-</strong></span> 
     </span>
    </p>
   </div>
   <div class='ocr_carea' id='block_1_2' title="bbox 199 1735 1448 1823">
    <p class='ocr_par' dir='ltr' id='par_1_2' title="bbox 199 1735 1448 1823">
     <span class='ocr_line' id='line_1_13' title="bbox 199 1735 1448 1823; baseline 0 -19"><span class='ocrx_word' id='word_1_90' title='bbox 199 1801 201 1816; x_wconf 87' lang='grc'>,</span> <span class='ocrx_word' id='word_1_91' title='bbox 328 1743 434 1804; x_wconf 90' lang='lat' dir='ltr'><strong>terum</strong></span> <span class='ocrx_word' id='word_1_92' title='bbox 449 1755 522 1804; x_wconf 91' lang='lat' dir='ltr'><strong>cum</strong></span> <span class='ocrx_word' id='word_1_93' title='bbox 542 1735 722 1823; x_wconf 79' lang='lat' dir='ltr'><strong>supradicti</strong></span> <span class='ocrx_word' id='word_1_94' title='bbox 747 1735 872 1804; x_wconf 86' lang='lat' dir='ltr'><strong>iudices</strong></span> <span class='ocrx_word' id='word_1_95' title='bbox 887 1755 953 1804; x_wconf 93' lang='lat' dir='ltr'><strong>non</strong></span> <span class='ocrx_word' id='word_1_96' title='bbox 968 1735 1073 1803; x_wconf 92' lang='lat' dir='ltr'><strong>solum</strong></span> <span class='ocrx_word' id='word_1_97' title='bbox 1090 1755 1130 1802; x_wconf 84' lang='lat' dir='ltr'><strong>ex</strong></span> <span class='ocrx_word' id='word_1_98' title='bbox 1145 1735 1367 1820; x_wconf 73' lang='lat' dir='ltr'><strong>negligentia,</strong></span> <span class='ocrx_word' id='word_1_99' title='bbox 1391 1736 1448 1804; x_wconf 89' lang='lat' dir='ltr'><strong>sed</strong></span> 
     </span>
    </p>
   </div>
   <div class='ocr_carea' id='block_1_3' title="bbox 330 1841 1447 2255">
    <p class='ocr_par' dir='ltr' id='par_1_3' title="bbox 330 1841 1447 2255">
     <span class='ocr_line' id='line_1_14' title="bbox 330 1841 1447 1930; baseline -0.003 -18"><span class='ocrx_word' id='word_1_100' title='bbox 330 1842 428 1912; x_wconf 83' lang='lat' dir='ltr'><strong>etiam</strong></span> <span class='ocrx_word' id='word_1_101' title='bbox 454 1864 495 1912; x_wconf 81' lang='lat' dir='ltr'><strong>ex</strong></span> <span class='ocrx_word' id='word_1_102' title='bbox 520 1843 647 1912; x_wconf 78' lang='lat' dir='ltr'><strong>malitie</strong></span> <span class='ocrx_word' id='word_1_103' title='bbox 668 1841 859 1912; x_wconf 69' lang='lat' dir='ltr'><strong>mannum</strong></span> <span class='ocrx_word' id='word_1_104' title='bbox 890 1843 1115 1930; x_wconf 82' lang='lat' dir='ltr'><strong>Apostolicum</strong></span> <span class='ocrx_word' id='word_1_105' title='bbox 1145 1845 1251 1912; x_wconf 88' lang='lat' dir='ltr'><strong>minus</strong></span> <span class='ocrx_word' id='word_1_106' title='bbox 1276 1843 1447 1928; x_wconf 75' lang='lat' dir='ltr'><strong>diligenter</strong></span> 
     </span>
     <span class='ocr_line' id='line_1_15' title="bbox 331 1951 1447 2038; baseline -0.002 -20"><span class='ocrx_word' id='word_1_107' title='bbox 331 1953 460 2031; x_wconf 78' lang='lat' dir='ltr'><strong>executi</strong></span> <span class='ocrx_word' id='word_1_108' title='bbox 476 1952 637 2038; x_wconf 80' lang='lat' dir='ltr'><strong>dicentur,</strong></span> <span class='ocrx_word' id='word_1_109' title='bbox 656 1970 778 2037; x_wconf 83' lang='lat' dir='ltr'><strong>penem</strong></span> <span class='ocrx_word' id='word_1_110' title='bbox 794 1969 906 2018; x_wconf 90' lang='lat' dir='ltr'><strong>eornm</strong></span> <span class='ocrx_word' id='word_1_111' title='bbox 921 1971 981 2036; x_wconf 94' lang='lat' dir='ltr'><strong>pro</strong></span> <span class='ocrx_word' id='word_1_112' title='bbox 997 1956 1090 2018; x_wconf 79' lang='lat' dir='ltr'><strong>tento</strong></span> <span class='ocrx_word' id='word_1_113' title='bbox 1106 1951 1209 2036; x_wconf 83' lang='lat' dir='ltr'><strong>culpo¹</strong></span> <span class='ocrx_word' id='word_1_114' title='bbox 1219 1952 1365 2020; x_wconf 83' lang='lat' dir='ltr'><strong>debitum</strong></span> <span class='ocrx_word' id='word_1_115' title='bbox 1378 1969 1447 2038; x_wconf 92' lang='lat' dir='ltr'><strong>pro-</strong></span> 
     </span>
     <span class='ocr_line' id='line_1_16' title="bbox 330 2054 1446 2129; baseline 0.001 -2"><span class='ocrx_word' id='word_1_116' title='bbox 330 2054 474 2128; x_wconf 81' lang='lat' dir='ltr'><strong>uidentie</strong></span> <span class='ocrx_word' id='word_1_117' title='bbox 489 2065 601 2127; x_wconf 87' lang='lat' dir='ltr'><strong>nostre</strong></span> <span class='ocrx_word' id='word_1_118' title='bbox 617 2059 768 2126; x_wconf 82' lang='lat' dir='ltr'><strong>duximus</strong></span> <span class='ocrx_word' id='word_1_119' title='bbox 784 2059 1030 2127; x_wconf 74' lang='lat' dir='ltr'><strong>restruendam.</strong></span> <span class='ocrx_word' id='word_1_120' title='bbox 1053 2057 1174 2129; x_wconf 79' lang='lat' dir='ltr'><strong>natum</strong></span> <span class='ocrx_word' id='word_1_121' title='bbox 1189 2061 1293 2128; x_wconf 84' lang='lat' dir='ltr'><strong>Recte</strong></span> <span class='ocrx_word' id='word_1_122' title='bbox 1308 2061 1366 2128; x_wconf 93' lang='lat' dir='ltr'><strong>III.</strong></span> <span class='ocrx_word' id='word_1_123' title='bbox 1383 2058 1446 2128; x_wconf 77' lang='lat' dir='ltr'><strong>kal</strong></span> 
     </span>
     <span class='ocr_line' id='line_1_17' title="bbox 333 2165 1029 2255; baseline -0.006 -19"><span class='ocrx_word' id='word_1_124' title='bbox 333 2168 414 2255; x_wconf 82' lang='lat' dir='ltr'><strong>ltcji</strong></span> <span class='ocrx_word' id='word_1_125' title='bbox 428 2165 638 2236; x_wconf 76' lang='lat' dir='ltr'><strong>Pontificatus</strong></span> <span class='ocrx_word' id='word_1_126' title='bbox 654 2167 756 2234; x_wconf 89' lang='lat' dir='ltr'><strong>nostri</strong></span> <span class='ocrx_word' id='word_1_127' title='bbox 771 2185 858 2236; x_wconf 86' lang='lat' dir='ltr'><strong>suno</strong></span> <span class='ocrx_word' id='word_1_128' title='bbox 874 2165 1029 2234; x_wconf 86' lang='lat' dir='ltr'><strong>seeundo.</strong></span> 
     </span>
    </p>
   </div>
   <div class='ocr_carea' id='block_1_4' title="bbox 381 2329 1304 2436">
    <p class='ocr_par' dir='ltr' id='par_1_4' title="bbox 381 2329 1304 2436">
     <span class='ocr_line' id='line_1_18' title="bbox 381 2329 1304 2436; baseline 0.004 -18"><span class='ocrx_word' id='word_1_129' title='bbox 381 2404 386 2418; x_wconf 86' lang='lat'><strong>.</strong></span> <span class='ocrx_word' id='word_1_130' title='bbox 509 2329 1304 2436; x_wconf 57' lang='lat' dir='ltr'><strong>nemorumnemorumcapcerguvuertsun.)</strong></span> 
     </span>
    </p>
   </div>
   <div class='ocr_carea' id='block_1_5' title="bbox 776 2643 1020 2656">
    <p class='ocr_par' dir='ltr' id='par_1_5' title="bbox 776 2643 1020 2656">
     <span class='ocr_line' id='line_1_19' title="bbox 776 2643 1020 2656; baseline 0 -2"><span class='ocrx_word' id='word_1_131' title='bbox 776 2643 1020 2656; x_wconf 63' lang='lat' dir='ltr'>——n——o-—u—-n</span> 
     </span>
    </p>
   </div>
   <div class='ocr_carea' id='block_1_6' title="bbox 876 3000 970 3066">
    <p class='ocr_par' dir='ltr' id='par_1_6' title="bbox 876 3000 970 3066">
     <span class='ocr_line' id='line_1_20' title="bbox 876 3000 970 3066; baseline 0.011 -1"><span class='ocrx_word' id='word_1_132' title='bbox 876 3000 953 3066; x_wconf 80' lang='lat' dir='ltr'><strong>tlt.</strong></span> <span class='ocrx_word' id='word_1_133' title='bbox 968 3041 970 3048; x_wconf 36' lang='grc' dir='ltr'><em>ι</em></span> 
     </span>
    </p>
   </div>
   <div class='ocr_carea' id='block_1_7' title="bbox 296 3129 1448 3372">
    <p class='ocr_par' dir='ltr' id='par_1_7' title="bbox 296 3129 1448 3372">
     <span class='ocr_line' id='line_1_21' title="bbox 296 3129 1448 3265; baseline 0.003 -27"><span class='ocrx_word' id='word_1_134' title='bbox 296 3129 302 3142; x_wconf 82' lang='lat'><strong>·</strong></span> <span class='ocrx_word' id='word_1_135' title='bbox 336 3171 395 3238; x_wconf 83' lang='lat' dir='ltr'><strong>IX.</strong></span> <span class='ocrx_word' id='word_1_136' title='bbox 412 3169 545 3260; x_wconf 73' lang='lat' dir='ltr'><strong>Gcrpely</strong></span> <span class='ocrx_word' id='word_1_137' title='bbox 556 3175 646 3260; x_wconf 65' lang='lat' dir='ltr'><strong>popa</strong></span> <span class='ocrx_word' id='word_1_138' title='bbox 670 3195 691 3235; x_wconf 88' lang='lat' dir='ltr'><strong>u</strong></span> <span class='ocrx_word' id='word_1_139' title='bbox 715 3175 921 3262; x_wconf 67' lang='lat' dir='ltr'><strong>nemetop‘octri</strong></span> <span class='ocrx_word' id='word_1_140' title='bbox 937 3177 1018 3244; x_wconf 78' lang='lat' dir='ltr'><strong>bold.</strong></span> <span class='ocrx_word' id='word_1_141' title='bbox 1036 3197 1164 3265; x_wconf 79' lang='lat' dir='ltr'><strong>corzony</strong></span> <span class='ocrx_word' id='word_1_142' title='bbox 1179 3177 1351 3244; x_wconf 74' lang='lat' dir='ltr'><strong>tolostordt</strong></span> <span class='ocrx_word' id='word_1_143' title='bbox 1365 3175 1448 3243; x_wconf 73' lang='lat' dir='ltr'><strong>ittet</strong></span> 
     </span>
     <span class='ocr_line' id='line_1_22' title="bbox 510 3281 1266 3372; baseline 0.007 -26"><span class='ocrx_word' id='word_1_144' title='bbox 510 3302 604 3368; x_wconf 79' lang='lat' dir='ltr'><strong>peres</strong></span> <span class='ocrx_word' id='word_1_145' title='bbox 618 3281 829 3348; x_wconf 71' lang='lat' dir='ltr'><strong>terdeoeknelt</strong></span> <span class='ocrx_word' id='word_1_146' title='bbox 844 3283 1014 3351; x_wconf 73' lang='lat' dir='ltr'><strong>ettnre&#39;zcsos</strong></span> <span class='ocrx_word' id='word_1_147' title='bbox 1029 3287 1152 3372; x_wconf 82' lang='lat' dir='ltr'><strong>rtlrpete‘.</strong></span> <span class='ocrx_word' id='word_1_148' title='bbox 1169 3287 1266 3351; x_wconf 79' lang='lat'><strong><em>1228.</em></strong></span> 
     </span>
    </p>
   </div>
   <div class='ocr_carea' id='block_1_8' title="bbox 311 3462 1451 4770">
    <p class='ocr_par' dir='ltr' id='par_1_8' title="bbox 320 3462 1450 4431">
     <span class='ocr_line' id='line_1_23' title="bbox 320 3462 1448 3565; baseline 0.004 -22"><span class='ocrx_word' id='word_1_149' title='bbox 320 3462 325 3474; x_wconf 77' lang='lat'>&#39;</span> <span class='ocrx_word' id='word_1_150' title='bbox 443 3476 618 3564; x_wconf 81' lang='lat' dir='ltr'><strong>Gregorius</strong></span> <span class='ocrx_word' id='word_1_151' title='bbox 629 3478 811 3565; x_wconf 79' lang='lat' dir='ltr'><strong>Episcopus</strong></span> <span class='ocrx_word' id='word_1_152' title='bbox 827 3501 940 3550; x_wconf 90' lang='lat' dir='ltr'><strong>seruus</strong></span> <span class='ocrx_word' id='word_1_153' title='bbox 957 3501 1122 3551; x_wconf 88' lang='lat' dir='ltr'><strong>seruorum</strong></span> <span class='ocrx_word' id='word_1_154' title='bbox 1133 3482 1195 3551; x_wconf 88' lang='lat' dir='ltr'><strong>Dei</strong></span> <span class='ocrx_word' id='word_1_155' title='bbox 1211 3481 1448 3550; x_wconf 78' lang='lat' dir='ltr'><strong>venerabilibus</strong></span> 
     </span>
     <span class='ocr_line' id='line_1_24' title="bbox 336 3585 1447 3677; baseline 0.001 -24"><span class='ocrx_word' id='word_1_156' title='bbox 336 3585 489 3653; x_wconf 83' lang='lat' dir='ltr'><strong>frutribus</strong></span> <span class='ocrx_word' id='word_1_157' title='bbox 499 3587 669 3656; x_wconf 85' lang='lat' dir='ltr'><strong>Georiensi</strong></span> <span class='ocrx_word' id='word_1_158' title='bbox 686 3593 735 3654; x_wconf 88' lang='lat' dir='ltr'><strong>et.</strong></span> <span class='ocrx_word' id='word_1_159' title='bbox 747 3634 755 3652; x_wconf 92' lang='lat'><strong>.</strong></span> <span class='ocrx_word' id='word_1_160' title='bbox 767 3637 774 3653; x_wconf 93' lang='lat'>.</span> <span class='ocrx_word' id='word_1_161' title='bbox 787 3589 944 3656; x_wconf 85' lang='lat' dir='ltr'><strong>Nitriensi</strong></span> <span class='ocrx_word' id='word_1_162' title='bbox 954 3591 1135 3677; x_wconf 83' lang='lat' dir='ltr'><strong>Episcopis‚</strong></span> <span class='ocrx_word' id='word_1_163' title='bbox 1150 3597 1182 3657; x_wconf 90' lang='lat' dir='ltr'><strong>et</strong></span> <span class='ocrx_word' id='word_1_164' title='bbox 1192 3589 1311 3657; x_wconf 87' lang='lat' dir='ltr'><strong>dilecto</strong></span> <span class='ocrx_word' id='word_1_165' title='bbox 1324 3590 1391 3657; x_wconf 86' lang='lat' dir='ltr'><strong>filio</strong></span> <span class='ocrx_word' id='word_1_166' title='bbox 1402 3639 1409 3654; x_wconf 92' lang='lat'>.</span> <span class='ocrx_word' id='word_1_167' title='bbox 1420 3637 1447 3654; x_wconf 90' lang='lat'><strong>..</strong></span> 
     </span>
     <span class='ocr_line' id='line_1_25' title="bbox 335 3695 1447 3784; baseline 0.001 -22"><span class='ocrx_word' id='word_1_168' title='bbox 335 3695 505 3780; x_wconf 92' lang='lat' dir='ltr'><strong>Preposito</strong></span> <span class='ocrx_word' id='word_1_169' title='bbox 521 3695 693 3762; x_wconf 82' lang='lat' dir='ltr'><strong>Georicnsi</strong></span> <span class='ocrx_word' id='word_1_170' title='bbox 716 3697 854 3764; x_wconf 83' lang='lat' dir='ltr'><strong>sulutem</strong></span> <span class='ocrx_word' id='word_1_171' title='bbox 879 3705 912 3766; x_wconf 91' lang='lat' dir='ltr'><strong>et</strong></span> <span class='ocrx_word' id='word_1_172' title='bbox 934 3698 1157 3784; x_wconf 78' lang='lat' dir='ltr'><strong>Apostolicum</strong></span> <span class='ocrx_word' id='word_1_173' title='bbox 1178 3698 1447 3767; x_wconf 88' lang='lat' dir='ltr'><strong>benedictionem.</strong></span> 
     </span>
     <span class='ocr_line' id='line_1_26' title="bbox 336 3801 1448 3888; baseline 0.003 -18"><span class='ocrx_word' id='word_1_174' title='bbox 336 3803 387 3870; x_wconf 85' lang='lat' dir='ltr'><strong>Ex</strong></span> <span class='ocrx_word' id='word_1_175' title='bbox 410 3808 503 3888; x_wconf 85' lang='lat' dir='ltr'><strong>perte</strong></span> <span class='ocrx_word' id='word_1_176' title='bbox 528 3803 717 3873; x_wconf 88' lang='lat' dir='ltr'><strong>dilectorum</strong></span> <span class='ocrx_word' id='word_1_177' title='bbox 742 3801 880 3872; x_wconf 87' lang='lat' dir='ltr'><strong>filiorum</strong></span> <span class='ocrx_word' id='word_1_178' title='bbox 898 3852 904 3868; x_wconf 93' lang='lat'><em>.</em></span> <span class='ocrx_word' id='word_1_179' title='bbox 923 3854 931 3872; x_wconf 91' lang='lat'><strong>.</strong></span> <span class='ocrx_word' id='word_1_180' title='bbox 950 3855 956 3872; x_wconf 91' lang='lat'><strong>.</strong></span> <span class='ocrx_word' id='word_1_181' title='bbox 984 3805 1122 3874; x_wconf 80' lang='lat' dir='ltr'><strong>Abbatis</strong></span> <span class='ocrx_word' id='word_1_182' title='bbox 1139 3811 1171 3875; x_wconf 88' lang='lat' dir='ltr'><strong>et</strong></span> <span class='ocrx_word' id='word_1_183' title='bbox 1186 3804 1370 3874; x_wconf 74' lang='lat' dir='ltr'><strong>conuentus</strong></span> <span class='ocrx_word' id='word_1_184' title='bbox 1386 3805 1448 3873; x_wconf 85' lang='lat' dir='ltr'><strong>Mo-</strong></span> 
     </span>
     <span class='ocr_line' id='line_1_27' title="bbox 336 3909 1450 4004; baseline 0.002 -26"><span class='ocrx_word' id='word_1_185' title='bbox 336 3911 475 4004; x_wconf 76' lang='lat' dir='ltr'><strong>ucstcrii</strong></span> <span class='ocrx_word' id='word_1_186' title='bbox 490 3911 602 3978; x_wconf 80' lang='lat' dir='ltr'><strong>Sancti</strong></span> <span class='ocrx_word' id='word_1_187' title='bbox 619 3909 749 3978; x_wconf 82' lang='lat' dir='ltr'><strong>Martini</strong></span> <span class='ocrx_word' id='word_1_188' title='bbox 774 3912 815 3979; x_wconf 90' lang='lat' dir='ltr'><strong>de</strong></span> <span class='ocrx_word' id='word_1_189' title='bbox 839 3913 1008 3981; x_wconf 84' lang='lat' dir='ltr'><strong>Pannonia</strong></span> <span class='ocrx_word' id='word_1_190' title='bbox 1032 3913 1094 3980; x_wconf 83' lang='lat' dir='ltr'><strong>fuit</strong></span> <span class='ocrx_word' id='word_1_191' title='bbox 1117 3915 1319 4000; x_wconf 89' lang='lat' dir='ltr'><strong>propositum</strong></span> <span class='ocrx_word' id='word_1_192' title='bbox 1343 3933 1450 3983; x_wconf 84' lang='lat' dir='ltr'><strong>coram</strong></span> 
     </span>
     <span class='ocr_line' id='line_1_28' title="bbox 337 4017 1450 4108; baseline 0.004 -24"><span class='ocrx_word' id='word_1_193' title='bbox 337 4019 441 4102; x_wconf 88' lang='lat' dir='ltr'><strong>nobis,</strong></span> <span class='ocrx_word' id='word_1_194' title='bbox 458 4017 546 4101; x_wconf 89' lang='lat' dir='ltr'><strong>quod</strong></span> <span class='ocrx_word' id='word_1_195' title='bbox 561 4036 632 4086; x_wconf 92' lang='lat' dir='ltr'><strong>cum</strong></span> <span class='ocrx_word' id='word_1_196' title='bbox 649 4037 782 4087; x_wconf 72' lang='lat' dir='ltr'><strong>causum</strong></span> <span class='ocrx_word' id='word_1_197' title='bbox 797 4019 889 4088; x_wconf 81' lang='lat' dir='ltr'><strong>illem</strong></span> <span class='ocrx_word' id='word_1_198' title='bbox 903 4021 987 4090; x_wconf 87' lang='lat' dir='ltr'><strong>inter</strong></span> <span class='ocrx_word' id='word_1_199' title='bbox 1002 4022 1092 4107; x_wconf 87' lang='lat' dir='ltr'><strong>ipsos</strong></span> <span class='ocrx_word' id='word_1_200' title='bbox 1108 4043 1150 4092; x_wconf 86' lang='lat' dir='ltr'><strong>ex</strong></span> <span class='ocrx_word' id='word_1_201' title='bbox 1164 4029 1267 4108; x_wconf 83' lang='lat' dir='ltr'><strong>perte,</strong></span> <span class='ocrx_word' id='word_1_202' title='bbox 1284 4028 1316 4088; x_wconf 88' lang='lat' dir='ltr'><strong>et</strong></span> <span class='ocrx_word' id='word_1_203' title='bbox 1326 4023 1450 4090; x_wconf 91' lang='lat' dir='ltr'><strong>nobiles</strong></span> 
     </span>
     <span class='ocr_line' id='line_1_29' title="bbox 336 4123 1450 4198; baseline 0.002 -4"><span class='ocrx_word' id='word_1_204' title='bbox 336 4125 425 4196; x_wconf 91' lang='lat' dir='ltr'><strong>uiros</strong></span> <span class='ocrx_word' id='word_1_205' title='bbox 439 4123 639 4194; x_wconf 88' lang='lat' dir='ltr'><strong>Demetrium</strong></span> <span class='ocrx_word' id='word_1_206' title='bbox 656 4127 813 4197; x_wconf 80' lang='lat' dir='ltr'><strong>Comitem</strong></span> <span class='ocrx_word' id='word_1_207' title='bbox 829 4135 863 4196; x_wconf 90' lang='lat' dir='ltr'><strong>et</strong></span> <span class='ocrx_word' id='word_1_208' title='bbox 873 4128 1052 4197; x_wconf 77' lang='lat' dir='ltr'><strong>Fauianum</strong></span> <span class='ocrx_word' id='word_1_209' title='bbox 1069 4129 1205 4197; x_wconf 89' lang='lat' dir='ltr'><strong>militem</strong></span> <span class='ocrx_word' id='word_1_210' title='bbox 1215 4127 1404 4198; x_wconf 81' lang='lat' dir='ltr'><strong>Georiensis</strong></span> <span class='ocrx_word' id='word_1_211' title='bbox 1420 4136 1450 4198; x_wconf 89' lang='lat' dir='ltr'><strong>et</strong></span> 
     </span>
     <span class='ocr_line' id='line_1_30' title="bbox 337 4223 1450 4327; baseline -0.001 -23"><span class='ocrx_word' id='word_1_212' title='bbox 337 4233 571 4320; x_wconf 71' lang='lat' dir='ltr'><strong>strigoniensis</strong></span> <span class='ocrx_word' id='word_1_213' title='bbox 586 4223 778 4302; x_wconf 81' lang='lat' dir='ltr'><strong>Diocesium&#39;</strong></span> <span class='ocrx_word' id='word_1_214' title='bbox 790 4255 832 4303; x_wconf 85' lang='lat' dir='ltr'><strong>ex</strong></span> <span class='ocrx_word' id='word_1_215' title='bbox 847 4238 951 4308; x_wconf 81' lang='lat' dir='ltr'><strong>altera</strong></span> <span class='ocrx_word' id='word_1_216' title='bbox 971 4243 1064 4324; x_wconf 80' lang='lat' dir='ltr'><strong>perte</strong></span> <span class='ocrx_word' id='word_1_217' title='bbox 1078 4257 1137 4327; x_wconf 90' lang='lat' dir='ltr'><strong>pro</strong></span> <span class='ocrx_word' id='word_1_218' title='bbox 1153 4237 1351 4306; x_wconf 80' lang='lat' dir='ltr'><strong>Monesterio</strong></span> <span class='ocrx_word' id='word_1_219' title='bbox 1370 4237 1450 4304; x_wconf 86' lang='lat' dir='ltr'><strong>Sun-</strong></span> 
     </span>
     <span class='ocr_line' id='line_1_31' title="bbox 338 4343 1450 4431; baseline 0.004 -21"><span class='ocrx_word' id='word_1_220' title='bbox 338 4349 390 4410; x_wconf 88' lang='lat' dir='ltr'><strong>cte</strong></span> <span class='ocrx_word' id='word_1_221' title='bbox 406 4343 506 4410; x_wconf 85' lang='lat' dir='ltr'><strong>lieris</strong></span> <span class='ocrx_word' id='word_1_222' title='bbox 522 4343 564 4410; x_wconf 85' lang='lat' dir='ltr'><strong>de</strong></span> <span class='ocrx_word' id='word_1_223' title='bbox 579 4344 687 4410; x_wconf 84' lang='lat' dir='ltr'><strong>Monte</strong></span> <span class='ocrx_word' id='word_1_224' title='bbox 704 4343 829 4430; x_wconf 70' lang='lat' dir='ltr'><strong>(luitis,</strong></span> <span class='ocrx_word' id='word_1_225' title='bbox 847 4343 985 4431; x_wconf 80' lang='lat' dir='ltr'><strong>capella</strong></span> <span class='ocrx_word' id='word_1_226' title='bbox 1001 4347 1043 4414; x_wconf 90' lang='lat' dir='ltr'><strong>de</strong></span> <span class='ocrx_word' id='word_1_227' title='bbox 1059 4347 1180 4415; x_wconf 82' lang='lat' dir='ltr'><strong>Sancto</strong></span> <span class='ocrx_word' id='word_1_228' title='bbox 1195 4348 1336 4431; x_wconf 80' lang='lat' dir='ltr'><strong>Spiritu,</strong></span> <span class='ocrx_word' id='word_1_229' title='bbox 1353 4353 1385 4414; x_wconf 88' lang='lat' dir='ltr'><strong>et</strong></span> <span class='ocrx_word' id='word_1_230' title='bbox 1401 4349 1450 4414; x_wconf 92' lang='lat' dir='ltr'><strong>ln-</strong></span> 
     </span>
    </p>

    <p class='ocr_par' dir='ltr' id='par_1_9' title="bbox 311 4448 1451 4538">
     <span class='ocr_line' id='line_1_32' title="bbox 311 4448 1451 4538; baseline 0.004 -22"><span class='ocrx_word' id='word_1_231' title='bbox 311 4449 411 4532; x_wconf 59' lang='lat' dir='ltr'><strong>,sulu</strong></span> <span class='ocrx_word' id='word_1_232' title='bbox 436 4450 478 4517; x_wconf 86' lang='lat' dir='ltr'><strong>de</strong></span> <span class='ocrx_word' id='word_1_233' title='bbox 504 4448 618 4535; x_wconf 79' lang='lat' dir='ltr'><strong>obde,</strong></span> <span class='ocrx_word' id='word_1_234' title='bbox 643 4459 675 4518; x_wconf 89' lang='lat' dir='ltr'><strong>et</strong></span> <span class='ocrx_word' id='word_1_235' title='bbox 697 4453 960 4538; x_wconf 85' lang='lat' dir='ltr'><strong>possessionibus</strong></span> <span class='ocrx_word' id='word_1_236' title='bbox 985 4456 1131 4524; x_wconf 86' lang='lat' dir='ltr'><strong>eiusdem</strong></span> <span class='ocrx_word' id='word_1_237' title='bbox 1146 4455 1240 4524; x_wconf 87' lang='lat' dir='ltr'><strong>uobis</strong></span> <span class='ocrx_word' id='word_1_238' title='bbox 1257 4457 1451 4524; x_wconf 78' lang='lat' dir='ltr'><strong>duxeramus</strong></span> 
     </span>
    </p>

    <p class='ocr_par' dir='ltr' id='par_1_10' title="bbox 341 4557 1451 4650">
     <span class='ocr_line' id='line_1_33' title="bbox 341 4557 1451 4650; baseline 0.005 -28"><span class='ocrx_word' id='word_1_239' title='bbox 341 4557 601 4624; x_wconf 79' lang='lat' dir='ltr'><strong>committendum</strong></span> <span class='ocrx_word' id='word_1_240' title='bbox 610 4607 620 4644; x_wconf 87' lang='lat'><em>,</em></span> <span class='ocrx_word' id='word_1_241' title='bbox 645 4577 724 4643; x_wconf 90' lang='lat' dir='ltr'><strong>uos,</strong></span> <span class='ocrx_word' id='word_1_242' title='bbox 739 4558 796 4646; x_wconf 50' lang='lat' dir='ltr'><strong>:uti</strong></span> <span class='ocrx_word' id='word_1_243' title='bbox 811 4561 1046 4648; x_wconf 86' lang='lat' dir='ltr'><strong>intelleximus,</strong></span> <span class='ocrx_word' id='word_1_244' title='bbox 1062 4571 1148 4630; x_wconf 88' lang='lat' dir='ltr'><strong>metu</strong></span> <span class='ocrx_word' id='word_1_245' title='bbox 1164 4563 1293 4631; x_wconf 75' lang='lat' dir='ltr'><strong>laicalis</strong></span> <span class='ocrx_word' id='word_1_246' title='bbox 1308 4563 1451 4650; x_wconf 86' lang='lat' dir='ltr'><strong>potentie</strong></span> 
     </span>
    </p>

    <p class='ocr_par' dir='ltr' id='par_1_11' title="bbox 339 4665 1451 4770">
     <span class='ocr_line' id='line_1_34' title="bbox 339 4665 1451 4770; baseline 0.005 -38"><span class='ocrx_word' id='word_1_247' title='bbox 339 4682 427 4732; x_wconf 81' lang='lat' dir='ltr'><strong>enno</strong></span> <span class='ocrx_word' id='word_1_248' title='bbox 442 4671 479 4770; x_wconf 82' lang='lat' dir='ltr'><strong>et</strong></span> <span class='ocrx_word' id='word_1_249' title='bbox 492 4665 632 4751; x_wconf 80' lang='lat' dir='ltr'><strong>emplius</strong></span> <span class='ocrx_word' id='word_1_250' title='bbox 647 4665 713 4735; x_wconf 84' lang='lat' dir='ltr'><strong>iem</strong></span> <span class='ocrx_word' id='word_1_251' title='bbox 728 4669 842 4756; x_wconf 72' lang='lat' dir='ltr'><strong>elapso</strong></span> <span class='ocrx_word' id='word_1_252' title='bbox 857 4671 890 4740; x_wconf 93' lang='lat' dir='ltr'><strong>in</strong></span> <span class='ocrx_word' id='word_1_253' title='bbox 906 4673 1023 4742; x_wconf 81' lang='lat' dir='ltr'><strong>sudem</strong></span> <span class='ocrx_word' id='word_1_254' title='bbox 1038 4691 1140 4742; x_wconf 73' lang='lat' dir='ltr'><strong>osma</strong></span> <span class='ocrx_word' id='word_1_255' title='bbox 1155 4672 1451 4760; x_wconf 81' lang='lat' dir='ltr'><strong>procedereheote-</strong></span> 
     </span>
    </p>
   </div>
   <div class='ocr_carea' id='block_1_9' title="bbox 0 0 1627 5054">
    <p class='ocr_par' dir='ltr' id='par_1_12' title="bbox 0 0 1627 5054">
     <span class='ocr_line' id='line_1_35' title="bbox 0 0 1627 5054; baseline 0 0"><span class='ocrx_word' id='word_1_256' title='bbox 0 0 1627 5054; x_wconf 95' lang='lat' dir='ltr'><strong> </strong></span> 
     </span>
    </p>
   </div>
  </div>
 </body>
</html>
