3222 5054
292 1001 387 1067 Urio
396 997 631 1087 pannonicum·
645 1002 724 1086 apoc
740 1002 771 1065 co
785 997 907 1064 Paullo
925 995 1008 1086 prof
1016 995 1101 1062 lco'ztt'
1115 999 1264 1084 epymep.
1282 997 1380 1061 1231.

379 1197 475 1264 Vries
498 1195 562 1264 Dei
580 1195 689 1282 gretie
704 1197 818 1266 Abbas
841 1195 953 1263 Sancti
972 1193 1105 1263 Martini
1120 1199 1153 1259 et
1167 1190 1313 1259 eiusdem
1332 1191 1396 1259 loci

271 1304 458 1372 Conuentns
482 1305 630 1372 omnibus
647 1303 767 1371 Christi
790 1302 960 1388 fidelibus,
986 1299 1029 1368 ad
1045 1320 1127 1385 qnos
1150 1305 1321 1386 presentes
1344 1299 1398 1364 lit·

269 1420 339 1478 tere
362 1414 572 1497 peruenerint
595 1412 735 1480 salutem
757 1412 790 1476 in
815 1409 964 1478 Domino.
989 1407 1041 1474 Ad
1063 1409 1289 1475 uniuersorum
1313 1407 1395 1473 noti-

272 1523 356 1587 ciam
380 1527 491 1587 tenore
509 1523 715 1606 presencium
738 1523 888 1586 uolumus
911 1519 1093 1603 peruenire,
1112 1515 1199 1601 quod
1217 1535 1276 1582 nos
1293 1535 1395 1582 cause

270 1628 406 1712 pietatis
420 1629 640 1694 concessimus
656 1621 689 1694 et
704 1626 930 1711 promisimus,
950 1623 1036 1708 quod
1060 1626 1088 1692 si
1106 1625 1262 1692 Paulinus
1278 1624 1394 1691 Comes

271 1741 384 1820 posset
408 1735 554 1804 obtinere
580 1755 601 1800 a
624 1735 754 1801 (lumino
778 1737 868 1816 Rege
892 1731 1055 1816 Atndree)
1091 1733 1259 1815 Hungarie
1293 1738 1395 1798 totam

270 1849 391 1910 terrem
416 1842 566 1908 uillarum
590 1842 631 1909 de
654 1841 835 1927 deoreh,
861 1841 957 1908 simul
982 1860 1054 1906 cnm
1086 1847 1196 1907 nostro
1222 1840 1394 1916 adiutorio,

270 1951 341 2036 ipse
357 1950 565 2018 medietatem
582 1959 704 2018 rectem
729 1952 831 2037 ipsius
846 1958 930 2016 terre
946 1951 1041 2016 nobis
1057 1949 1170 2034 deret3
1195 1949 1345 2016 similiter
1366 1949 1395 2014 si

270 2077 330 2124 nos
346 2077 516 2142 possemus
533 2059 671 2126 enodem
687 2067 805 2124 terrem
821 2045 981 2124 haberes
997 2059 1126 2124 domino
1141 2057 1233 2140 Rege
1250 2075 1321 2122 eum
1338 2057 1395 2124 ad-

269 2163 387 2232 iutorio
403 2164 559 2253 P(aulini)
577 2169 712 2235 Comitis
721 2165 859 2253 ,ipsius
881 2173 966 2234 terre
986 2165 1196 2234 medietatem
1221 2166 1285 2232 sibi
1300 2163 1393 2232 dere·

271 2291 361 2355 mus3
387 2275 418 2338 si
438 2280 550 2340 eutem
572 2274 721 2341 dominus
745 2277 815 2342 Rex
839 2275 1020 2360 susciperet
1039 2281 1073 2340 et
1094 2275 1298 2358 promitteret
1312 2273 1394 2340 dare

271 2379 389 2447 Gomiti
404 2379 541 2446 Paulino
557 2389 677 2448 terrem
693 2382 745 2447 uel
762 2383 874 2450 uillam
894 2383 927 2448 in
944 2383 1009 2447 alio
1025 2383 1108 2468 loeo,
1125 2389 1201 2448 tuno
1216 2401 1277 2450 nos
1293 2389 1393 2448 totam
1415 2459 1417 2464 ¹

270 2492 392 2552 terram
418 2487 566 2553 uillarum
592 2486 721 2556 Vdorch
751 2489 901 2577 plenarie
931 2488 1187 2576 possideremus.
1218 2490 1261 2555 Vt
1286 2499 1393 2572 autem

270 2594 331 2659 hec
346 2595 523 2666 conueneio
540 2617 604 2662 non
620 2597 726 2682 possit
741 2594 827 2664 tradi
844 2597 1019 2684 obliuioni,
1035 2605 1222 2684 presentem
1237 2597 1393 2683 peginam

270 2700 406 2768 fecimus
423 2699 569 2769 diuidere
584 2722 643 2789 per
658 2703 838 2771 ollebelum
856 2706 902 2770 ita
909 2756 920 2790 ,
938 2712 973 2770 ut
988 2726 1054 2772 une
1069 2726 1166 2792 pars,
1184 2725 1280 2790 quem
1296 2705 1396 2772 uellet

270 2808 411 2874 retinere
427 2809 583 2877 Paulinus
600 2811 733 2896 Comes,
758 2833 861 2900 penes
879 2803 915 2881 se
931 2819 1020 2880 esset
1042 2811 1195 2880 roboreto
1219 2813 1394 2880 munimine

270 2911 458 3000 sigillorum,
474 2925 678 3006 nostrorum;
702 2922 770 2987 alia
793 2930 904 2988 eutem
926 2941 1021 3008 pers,
1040 2942 1138 3004 quam
1162 2941 1222 2989 nos
1239 2923 1395 2989 uellemus

270 3025 419 3108 retinere,
437 3031 524 3090 esset
538 3025 686 3110 sigillata
709 3029 818 3114 sigillo
835 3028 979 3114 Capituli
996 3029 1196 3096 Geuriensis.
1220 3031 1336 3096 Actum
1361 3031 1392 3096 in

270 3129 442 3200 Dominice
459 3134 592 3220 Exurge
608 3157 693 3202 enno
709 3135 842 3205 Domini
857 3135 1142 3204 M⁰co⁰xxx⁰1t
1169 3127 1172 3132 Δ

431 3329 575 3400 (Eredetie
588 3347 606 3386 e
618 3331 834 3390 snentmsirtoni
846 3329 999 3406 ltepetstg
1010 3329 1234 3404 leveltrlrlben.)
