3214 5066
820 296 983 408 'res'—

343 495 472 564 duxerit
486 493 725 581 denegandum,
749 495 854 564 eidem
871 495 976 563 electo
991 512 1050 581 pro
1066 493 1302 570 benedictionis
1313 519 1454 572 munere

343 604 529 691 obtinendo,
545 623 764 690 quemcunque
779 603 939 688 maluerit,
950 603 1143 672 catholicum
1158 605 1251 675 odire
1265 609 1454 680 Antistitem

341 713 504 782 licentium
520 714 765 802 imperpetuum.
789 713 941 780 Pretcree
955 732 1068 783 omnes
1083 715 1251 786 libertates
1278 725 1312 786 et
1338 719 1453 788 immn-

342 824 461 890 nitetes
487 828 547 890 etc.
564 871 571 888 .
587 871 621 888 ..
645 821 815 909 priuilegio
842 822 1082 890 communimus.
1115 821 1328 894 Decemimus
1366 847 1447 915 ergo

344 937 404 998 etc.
421 979 429 997 .
446 978 453 994 .
470 979 478 997 .
503 929 693 998 omnimodis
709 929 886 1016 profuturo,
904 931 998 999 salve
1013 929 1110 999 Sedis
1126 931 1316 1018 Apostolice
1340 941 1452 1005 uncto·

340 1039 448 1122 mcum,
464 1045 496 1106 et
511 1040 545 1106 in
571 1037 726 1124 predictis
758 1039 906 1109 ecclesiis
936 1029 1181 1108 diocesanorum
1215 1042 1451 1133 llpisoopornm

342 1147 503 1215 canonico
517 1145 658 1214 iusticie.
683 1145 785 1230 sique
799 1147 898 1234 igitur
913 1149 948 1215 in
963 1147 1101 1216 futurum
1117 1155 1179 1218 ete.
1203 1199 1211 1216 .
1237 1201 1245 1216 .
1270 1199 1278 1217 .
1302 1151 1455 1224 sublucet

343 1253 468 1324 ultioni.
491 1253 623 1322 Ounotis
655 1261 763 1322 eutem
789 1263 850 1324 etc.
875 1305 883 1321 .
907 1305 914 1321 .
938 1305 947 1324 .
971 1257 1148 1325 invenient.
1182 1259 1297 1326 Amen.
1330 1261 1452 1328 Datum

341 1361 496 1430 Laterum
510 1383 569 1449 per
584 1383 715 1430 menum
730 1363 866 1431 cherii
880 1365 1001 1432 Sancte
1015 1364 1160 1433 Romane
1184 1367 1333 1435 Ecclesie
1359 1369 1454 1436 Vice-

342 1472 532 1540 cancellarii
546 1473 601 1539 IV.
617 1473 692 1540 Kal
708 1472 887 1540 Feburerii.
911 1472 1026 1540 indict.
1042 1473 1112 1540 VIL
1130 1475 1371 1544 Incumutionis
1387 1477 1453 1544 Do·

342 1579 460 1648 minice
475 1567 561 1647 anno
576 1580 609 1646 ll
624 1579 676 1648 OG
693 1579 812 1648 xvm.
839 1580 1047 1648 Pontitooms
1063 1601 1141 1650 vero
1167 1580 1289 1651 domini
1313 1583 1451 1652 Honorii
1508 1575 1511 1578 ’

341 1707 428 1776 pepe
444 1707 528 1756 enno
544 1688 696 1756 secundo.

458 1849 520 1934 (ΠΙ.
539 1865 682 1923 Honorius
699 1863 775 1940 plpe
792 1847 977 1938 liegestdibdl
996 1865 1121 1922 Theinen
1138 1866 1175 1923 id.
1195 1883 1231 1923 m.
1251 1868 1277 1922 9.
1297 1867 1339 1941 1.).

871 2299 927 2366 80.

216 2469 220 2478 ’
341 2475 402 2544 ΙΙΙ.
418 2479 576 2545 Honorius
584 2481 677 2568 pdpa
692 2499 713 2542 o
731 2479 949 2546 ezentmdrtone'
973 2479 1107 2566 apdtedp
1123 2479 1231 2567 jopac't
1255 2479 1451 2547 otratmazza.

847 2588 943 2650 1218.

448 2765 609 2834 Honorius
624 2765 809 2853 Episcopus
826 2783 918 2833 serus
935 2783 1099 2833 seruorum
1116 2765 1169 2832 dei
1184 2769 1367 2838 venerabili
1383 2770 1451 2838 irn-

342 2877 383 2946 tri
399 2923 406 2940 .
425 2924 432 2940 .
450 2869 614 2962 Episcopo
640 2873 875 2960 vesprimiensi
900 2875 1038 2942 sulutem
1063 2877 1097 2940 et
1120 2874 1235 2962 Apost.
1250 2875 1448 2946 benedictio·

341 3005 426 3052 nem.
442 2979 521 3053 (lum
537 2983 734 3052 Monesteria
750 2989 782 3050 et
796 2983 864 3050 elic
879 2985 953 3050 loce
967 2983 1122 3068 religiose
1138 3002 1180 3050 ex
1195 2982 1301 3056 cilicio
1316 2992 1372 3054 tno
1396 2985 1450 3052 de·

342 3092 422 3161 bees
437 3090 662 3160 fauorabiliter
677 3090 859 3176 confouere,
875 3109 940 3157 non
965 3091 1036 3157 sine
1051 3109 1153 3157 cause
1177 3090 1338 3174 miramur,
1365 3093 1450 3178 qnod

341 3199 425 3267 sicut
440 3199 551 3267 dilecti
566 3199 624 3266 filii
639 3199 732 3266 Prior
747 3207 781 3266 et
795 3199 980 3266 (innuentes
995 3199 1107 3266 Sancti
1122 3197 1253 3266 Martini
1269 3200 1310 3266 de
1325 3203 1453 3270 Panno·

342 3310 397 3376 nin
412 3308 604 3376 manumisso
618 3307 712 3376 nobis
728 3309 959 3391 conquestione
974 3313 1205 3394 monstrarunt,
1221 3315 1255 3374 tu
1280 3315 1451 3395 postquem

330 3415 454 3486 'Abbcs
471 3435 581 3483 eorum
595 3415 657 3484 iter
671 3413 809 3501 erripuit
824 3416 866 3482 sd
892 3413 1071 3481 subsidium
1097 3421 1183 3483 terre
1206 3416 1336 3500 Sancte,
1362 3416 1452 3502 ipsos

343 3532 376 3594 et
391 3521 559 3593 Ecclesiae
574 3543 684 3592 eorum
700 3525 734 3590 in
749 3531 808 3591 tue
822 3522 1000 3590 Perrocbin
1016 3524 1160 3608 possitus
1185 3522 1338 3592 indebitis
1354 3543 1450 3595 eruc

342 3635 484 3703 tionibus
499 3653 663 3718 eggruuos
679 3640 712 3701 et
728 3635 893 3716 molestes,
910 3650 950 3697 uo
965 3631 1049 3697 alios
1066 3631 1155 3717 ipsos
1181 3631 1325 3700 indebite
1343 3651 1453 3720 perse·

342 3743 462 3832 queris,
480 3759 551 3808 oum
567 3741 642 3808 olim
658 3741 718 3808 tibi
733 3741 849 3806 inisset
865 3739 1051 3819 iniunctum,
1076 3747 1111 3805 ut
1124 3739 1357 3826 parrochianos
1374 3761 1451 3810 suos

343 3853 385 3920 de
401 3849 563 3918 domitam
579 3847 764 3934 simigiensi
780 3849 993 3932 compelleres
1009 3848 1053 3916 ed
1068 3847 1212 3916 decimas
1237 3847 1300 3916 sibi
1324 3849 1452 3919 soluen-

342 3959 414 4044 dus,
431 3965 466 4026 tu
481 3955 516 4022 id
531 3955 660 4023 efficere
675 3955 817 4042 noluisti,
834 3955 910 4023 licet
924 3955 988 4041 ipsi
1004 3975 1103 4041 super
1118 3956 1179 4023 boc
1194 3964 1227 4024 te
1245 3957 1454 4042 requisierint
1593 4013 1594 4048 ᾖ

263 4065 264 4070 ’
342 4067 505 4137 humiliter
520 4070 554 4133 et
569 4064 696 4134 deuote.
713 4063 754 4130 Vt
769 4064 869 4150 igitur
885 4062 1059 4130 salubriter
1073 4063 1270 4136 conscientie
1295 4073 1350 4136 tue
1375 4085 1453 4133 con·
1593 4053 1594 4083 ¹

344 4179 434 4246 sulas
450 4183 482 4244 et
497 4172 621 4260 honori,
646 4171 881 4240 fraternitatem
911 4177 1001 4238 tunm
1032 4189 1199 4239 monemus
1231 4177 1364 4258 edente,
1395 4191 1454 4258 per
1592 4181 1593 4192 ¹

345 4285 535 4372 Apostolieo
551 4283 673 4368 scriptu
688 4280 821 4348 firmiter
843 4279 1052 4367 precipiendo
1076 4281 1278 4364 mandantes,
1303 4281 1454 4366 quntinus

344 4395 387 4460 ab
403 4390 512 4461 eorum
528 4397 561 4458 et
576 4389 796 4458 Ecclesinrum
813 4406 943 4456 suarum
970 4387 1215 4474 pronominibus
1240 4388 1370 4456 omnino
1399 4389 1454 4456 de-
1591 4379 1592 4408 ³

345 4501 474 4582 sistens,
491 4497 723 4587 parrochianos
738 4497 824 4582 illos,
841 4501 875 4562 ut
890 4495 1033 4562 decimes
1048 4495 1181 4562 debitus
1201 4495 1282 4583 ipsis
1298 4497 1454 4564 exolnunt

344 4609 435 4680 iuxte
450 4605 536 4694 quod
552 4607 611 4676 tibi
626 4627 648 4674 e
663 4603 748 4674 Sede
765 4603 955 4690 Apostoliec
978 4609 1029 4672 est
1054 4603 1230 4673 iniunctum
1256 4606 1451 4691 compellere
1590 4663 1591 4694 ᾖ
