3198 5058
683 814 804 952 om

207 1033 266 1098 IX.
283 1032 417 1123 Gerpclp
429 1039 519 1124 palpa
535 1036 676 1102 Holmon
691 1037 814 1125 kbclyt
835 1059 856 1100 u
880 1033 1044 1102 catholica
1059 1036 1105 1102 lit
1122 1035 1290 1102 sedeloco

489 1145 672 1210 mutuom
687 1144 815 1232 azolitja
823 1141 886 1230 sel.
905 1145 1002 1208 1234.

293 1321 470 1408 Gregorius
485 1287 670 1410 Episcopus
697 1329 758 1391 etc.
783 1322 961 1390 karissimo
977 1321 1011 1388 in
1028 1321 1156 1390 Christo
1173 1322 1240 1391 filio
1257 1343 1313 1390 no·

186 1433 255 1497 stro
270 1431 393 1499 Illustri
408 1433 492 1520 Regi
500 1431 710 1501 Golomanno
727 1433 866 1500 salutem
884 1438 946 1499 etc.
979 1429 1017 1496 Si
1040 1437 1094 1498 tue
1120 1431 1316 1500 serenitatis
1437 1465 1443 1473 ·
1553 1435 1557 1446 '

186 1537 352 1622 obsequiis
369 1541 570 1609 desudantes
596 1560 655 1627 per
680 1539 868 1608 devotionis
885 1539 1176 1626 promptitudinem
1192 1546 1225 1606 ct
1239 1539 1315 1608 fidei

187 1645 360 1731 puritatem
386 1650 476 1733 apud
501 1655 533 1716 tc
542 1697 552 1733 ,
578 1657 613 1716 ut
630 1649 812 1733 credimus,
827 1648 874 1714 fili
889 1647 1073 1734 karissime,
1090 1654 1316 1754 consecuntur²

187 1751 274 1838 quod
288 1754 380 1842 ipsos
396 1765 430 1824 et
445 1755 630 1826 dilectionis
647 1757 733 1834 dono
749 1755 868 1843 reficis,
887 1763 921 1824 et
936 1755 1029 1823 loves
1045 1754 1202 1823 beneficio
1212 1757 1316 1842 lurgi-

187 1862 286 1948 tatis,
311 1864 390 1947 quid
409 1863 529 1934 divinis
545 1867 690 1935 intentos
705 1865 924 1952 beneplacitis
940 1863 1143 1949 exequendis
1160 1865 1249 1950 apud
1265 1885 1315 1933 ce-

188 1971 292 2040 lorum
307 1973 432 2056 Regem
447 1975 588 2044 extimas
605 1973 808 2062 adepturos?
835 1974 938 2041 Porro
953 1993 1019 2039 non
1035 1971 1135 2058 alind,
1156 1993 1254 2058 quam
1270 1974 1316 2040 in-

189 2083 395 2166 explioabilis
411 2085 594 2153 claritatem
610 2084 742 2153 luminis
757 2089 791 2151 et
802 2085 902 2152 vitam
912 2082 1123 2170 ineffabilem,
1135 2103 1233 2168 quam
1245 2083 1317 2150 sola

189 2191 280 2258 novit
289 2209 429 2275 superne
439 2192 971 2280 prominential‘ninitatis.Igitur,
981 2190 1027 2260 fili
1036 2191 1276 2260 benedictionis
1286 2199 1319 2258 ot

189 2299 431 2385 gratie,sollerti
440 2301 653 2370 meditatione
665 2301 890 2386 considerans,
897 2300 984 2384 quod
992 2300 1052 2368 tibi
1062 2301 1209 2368 conditor
1218 2299 1319 2366 omni·

190 2424 244 2472 um
259 2406 293 2474 in
309 2408 404 2476 bonis
415 2408 602 2478 visibilibus
618 2409 763 2496 speciale
774 2408 955 2493 contulerit,
966 2407 1083 2492 etquid
1092 2409 1126 2476 in
1135 2407 1319 2490 retributio·

191 2534 232 2580 nc
246 2514 408 2584 iustorum
429 2517 472 2584 sit
489 2517 622 2586 honoris
638 2525 673 2584 et
686 2518 790 2603 glorie
805 2519 982 2604 largiturus
992 2568 1002 2603 ,
1027 2517 1055 2583 si
1075 2517 1209 2585 studeas
1229 2518 1320 2603 uigili

190 2629 297 2690 mente
322 2623 499 2711 perticere,
526 2645 585 2712 per
609 2645 672 2710 qno
697 2626 806 2712 possis
832 2627 866 2690 in
892 2626 945 2692 sui
973 2632 1152 2712 conspectu
1170 2625 1320 2692 culminis

191 2731 416 2817 complacere,
435 2733 481 2801 ad
497 2733 749 2802 convertendum
767 2734 799 2800 in
816 2735 934 2802 robore
954 2739 1010 2798 tue
1025 2733 1224 2799 fortitudinis
1240 2731 1319 2797 infe-

192 2845 262 2906 ctos
278 2840 408 2906 macula
426 2841 569 2909 heretice
594 2842 787 2927 pravitatis,
813 2847 845 2909 te
870 2861 983 2909 versus
1008 2847 1120 2927 partes
1146 2840 1320 2909 Sclaronie

191 2947 238 3014 ita
252 2949 505 3032 magnanimiter
520 2957 553 3017 et
568 2955 722 3036 potenter
737 2951 902 3036 accingas,
921 2949 1007 3035 quod
1018 2957 1050 3016 et
1060 2950 1118 3016 alii
1134 2945 1321 3015 huiusmodi

192 3055 378 3124 sanctitatis
395 3075 476 3141 opus
492 3059 600 3126 animo
612 3065 758 3144 prompto
770 3057 963 3144 suscipiant,
981 3064 1014 3124 et
1029 3057 1184 3125 sedentes
1200 3057 1233 3123 in
1249 3074 1320 3140 per·

192 3160 268 3229 fidie
286 3165 428 3233 tenebris
453 3167 496 3233 ad
520 3169 628 3234 lucem
643 3169 807 3234 catholice
823 3187 1002 3253 properare
1017 3165 1094 3234 fidei
1110 3187 1176 3233 non
1192 3170 1321 3251 postpo-

192 3278 282 3338 nant.
299 3271 420 3356 Sioque
437 3273 504 3360 liat,
521 3276 609 3359 quod
625 3275 700 3342 dum
718 3275 847 3342 virtutis
866 3281 920 3341 tuo
938 3275 1065 3359 studio,
1091 3274 1222 3341 favento
1238 3269 1321 3355 Deo,

192 3399 344 3446 numerus
355 3381 418 3448 Dei
433 3381 570 3450 liliorum
587 3385 771 3470 augebitur,
788 3383 836 3448 ita
852 3383 954 3448 honor
969 3389 1024 3448 tne
1040 3379 1243 3448 celsitudinis
1253 3400 1318 3445 am-

193 3488 323 3574 plietur,
340 3489 426 3572 quod
441 3497 475 3556 et
490 3491 638 3560 favorem
654 3491 843 3579 Apostolice
854 3489 952 3556 Sedis
967 3489 1124 3572 obtineas,
1142 3493 1175 3553 et
1186 3487 1319 3553 tandem

191 3601 228 3668 in
252 3599 427 3665 Beatorum
454 3599 592 3685 collegio
618 3601 842 3684 conquiescas.
874 3597 993 3663 Datum
1019 3595 1147 3663 Perusii
1172 3596 1214 3660 Il.
1241 3595 1320 3663 Idus

195 3705 357 3776 Octobris.
373 3704 601 3794 (Pontificatus
617 3706 735 3795 nostri)
752 3729 839 3774 auno
855 3711 982 3774 octavo.

190 3929 197 3950 ·
277 3901 339 3974 (lX.
355 3901 484 3975 Gergely
497 3899 572 3974 pdpa
586 3899 770 3974 Regestdibdl
783 3903 909 3958 Theiner
921 3901 960 3958 id.
973 3919 1009 3958 m.
1026 3899 1047 3954 1.
1060 3898 1119 3954 lrb't.
1134 3897 1194 3955 128.
1206 3897 1238 3971 l.)

634 4127 879 4138 ———-.-—-.
