3214 5072
776 438 934 546 2⁸...

297 642 460 724 cumulus;
483 659 582 723 aquo
597 637 797 726 protenditur
812 631 864 704 'ad
888 656 1040 720 magnam
1066 639 1153 704 uiam
1180 645 1212 705 st
1237 639 1281 706 ad
1305 641 1412 727 sepul-

297 752 406 818 chrum
422 749 559 828 Gunter,
586 746 820 831 descenditque
836 745 880 812 ad
895 763 1014 828 aquam
1044 747 1175 833 hlurzol,
1192 749 1347 833 reditque
1363 769 1424 837 per

299 857 438 924 mediam
454 878 583 940 aquam,
599 861 633 922 et
656 857 836 924 reuertitur
852 855 895 922 ad
914 853 1094 940 predictum
1118 857 1247 936 locum.⁴
1259 859 1424 930 Interdico

205 955 207 960 ’
301 965 386 1031 enim
401 985 443 1030 ex
458 965 577 1050 Regali
600 969 774 1049 potestate,
815 970 851 1030 ut
876 963 905 1029 si
936 963 1007 1046 quis
1039 961 1221 1031 Christiane
1253 965 1424 1049 religionis

302 1073 413 1156 aliqua
428 1077 592 1158 potestate
607 1072 641 1138 id
661 1077 789 1155 gestum
810 1071 1001 1138 subtrahere
1026 1073 1173 1156 uoluerit,
1199 1071 1425 1144 circumuallet

303 1201 376 1247 eum
391 1177 566 1247 anathema
581 1181 789 1267 perpetuale.
806 1181 846 1245 In
860 1179 974 1266 predio
989 1181 1137 1266 Nuztupc
1161 1181 1345 1265 assignarit
1361 1189 1423 1250 ter-

237 1276 241 1300 '
302 1308 374 1356 ram
389 1286 432 1356 ad
448 1277 584 1371 quatuor
600 1295 723 1356 aratra.
739 1289 778 1353 In
793 1285 908 1372 predio
925 1287 1033 1355 Tehes
1049 1288 1420 1373 assignavitterramad

305 1417 402 1462 unum
440 1401 593 1462 aratrum.
633 1397 672 1461 ln
710 1395 825 1483 predio
869 1395 966 1463 Goon
1006 1397 1190 1482 assignauit
1228 1401 1347 1465 terram
1380 1399 1424 1466 ad

305 1526 402 1573 unum
439 1511 594 1570 aratrum.
633 1506 671 1570 In
708 1501 822 1589 predio
861 1503 961 1571 Zelch
999 1505 1182 1587 assignanit
1218 1509 1340 1572 terram
1379 1503 1424 1572 ad

305 1615 368 1681 duo
400 1617 519 1678 aratra.
544 1613 583 1680 In
605 1611 718 1697 predio
742 1611 913 1679 Uindurna
937 1613 1120 1694 assignarit
1142 1619 1262 1679 terram
1286 1611 1329 1679 ad
1362 1617 1426 1682 tria

270 1807 272 1811 Ι
305 1729 417 1789 aratra
442 1708 475 1788 et
498 1721 565 1786 IIII
598 1722 715 1790 uineas
740 1739 813 1787 eum
846 1721 1035 1788 uinitoribus
1068 1739 1177 1786 eorum
1206 1720 1353 1787 totidem.
1386 1723 1425 1788 In

303 1829 420 1898 Uertcs
445 1828 626 1913 essignauit
654 1828 737 1895 duas
769 1829 883 1894 uineas
900 1846 972 1894 oum
998 1827 1217 1895 uinitorribus.
1240 1827 1279 1894 In
1302 1827 1426 1915 (lhepcl

309 1947 375 2006 tres
391 1939 547 2006 uinitores
563 1957 635 2004 cum
661 1935 794 2002 totidem
818 1935 931 2002 uineis.
955 1935 997 2000 nt
1022 1937 1055 2002 iu
1078 1935 1190 2021 predio
1215 1935 1318 2020 Arqui
1342 1939 1426 2004 assi-

308 2048 421 2132 gnauit
435 2053 556 2115 terram
572 2046 616 2112 ad
631 2053 769 2130 quatuor
794 2051 907 2111 aratra
923 2065 995 2111 cum
1009 2043 1143 2111 totidem
1153 2043 1335 2111 aratoribus
1353 2065 1425 2114 cum

311 2155 479 2224 sufioienti*
493 2161 581 2222 terra
604 2156 706 2222 mixta
731 2175 802 2222 eum
826 2154 970 2237 uillunis,
996 2161 1029 2220 et
1054 2159 1190 2238 quatuor
1213 2156 1329 2222 uineas
1356 2173 1427 2223 oum
1474 2165 1478 2172 '

312 2263 514 2330 uinitoribus.

423 2455 566 2528 (Ercdetie
574 2455 680 2515 letenik
692 2473 710 2514 a
722 2461 803 2514 ssent
815 2456 936 2546 undrtoni
947 2455 1097 2531 fdapdtsdg
1105 2456 1323 2532 levdltslrdban).

750 2739 995 2750 ————n—-

859 2983 893 3048 e.

318 3163 410 3232 Senot
423 3160 539 3230 Maelo
552 3185 573 3227 e
589 3159 751 3226 tormenti
780 3161 977 3248 apdtsa'qonlc
992 3139 1036 3225 2⁴4
1051 3159 1142 3225 telleet
1172 3161 1373 3252 adoma'nyoz,
1389 3167 1434 3228 mi

320 3273 365 3338 ΙΙ.
384 3273 493 3337 Ietvdc
507 3272 539 3336 de
552 3269 599 3336 II.
616 3267 693 3334 Bou
708 3267 788 3335 olatt
803 3273 960 3356 to'rvdoyee
979 3271 1193 3336 citntkozciern
1208 3269 1252 3337 dd
1266 3271 1432 3338 aldelmat.

828 3379 924 3444 1092.

423 3555 518 3625 Anno
533 3557 723 3625 Dominicae
737 3555 983 3625 incarnacionis
1001 3557 1114 3641 XOH,
1136 3563 1295 3644 regnante
1311 3559 1433 3628 Dinina

314 3669 428 3756 gracia
443 3667 708 3734 uictoriesissimo
726 3667 819 3752 Rege
843 3663 1009 3754 Ladislao,
1036 3675 1068 3734 et
1092 3667 1258 3756 Episcopo
1285 3667 1433 3737 Almario

320 3773 567 3862 wesprimiensi
581 3777 779 3859 pastoralem
795 3795 904 3843 euram
919 3775 1058 3843 feliciter
1078 3783 1260 3870 exercente,
1277 3778 1351 3843 lter
1366 3795 1434 3844 me·

322 3887 466 3951 moratus
482 3883 564 3963 Deo,
591 3889 624 3948 et
653 3883 755 3951 Beato
786 3885 941 3952 Mauricio
972 3885 1154 3953 XXIIH-or
1178 3887 1364 3954 mansiones
1379 3883 1433 3953 de

323 3992 380 4075 dit,
397 3993 451 4076 qui
466 3995 604 4074 quatuor
620 3991 745 4058 uicibus
761 4011 954 4077 perannum
970 3997 1021 4061 sal
1036 3993 1209 4080 deferrent,
1235 3994 1360 4062 scilieet
1375 4011 1434 4060 sex

322 4101 413 4168 milia
428 4100 554 4188 lapides
571 4099 723 4166 iratribus
738 4089 805 4166 illic
830 4102 900 4169 Deo
919 4110 952 4168 et
966 4103 1069 4171 Beato
1085 4103 1241 4170 Mauricio
1267 4100 1435 4170 sennensi-

318 4209 389 4276 bus.
405 4210 577 4297 Regnante
587 4209 695 4293 itaque
706 4211 795 4295 Rege
807 4209 984 4299 Stephano,
1002 4211 1307 4296 quidamdiabolico
1323 4210 1435 4276 instin-

320 4324 355 4384 tu
392 4319 560 4388 volucrunt
598 4317 787 4406 praedictas
802 4319 947 4388 familias
963 4343 984 4388 a
1001 4322 1138 4388 seruicio
1157 4319 1367 4405 supradictae
1383 4337 1436 4385 ee·

320 4425 441 4492 clasiae
456 4426 654 4510 subtrahere,
673 4432 706 4494 et
722 4430 754 4495 in
779 4427 956 4494 ministerio
982 4427 1226 4495 uduornicorum
1242 4427 1430 4510 subiugare,

321 4539 452 4602 auctore
467 4533 607 4618 quodam
632 4539 748 4604 comite
772 4536 1021 4606 uduornicorum
1052 4534 1141 4625 Opus
1171 4535 1320 4618 nomine,
1347 4529 1434 4618 quod

321 4641 437 4712 iratres
453 4644 720 4728 graue-ferentes,
738 4643 941 4730 litigiumque
959 4651 1095 4730 agentes
1111 4645 1247 4711 cumeis
1271 4649 1349 4710 aute
1367 4659 1436 4706 me·

324 4757 483 4824 moratum
498 4751 631 4838 Regem,
647 4753 785 4838 illosque
801 4753 1019 4838 destruentes,
1034 4754 1124 4821 iussu
1148 4751 1319 4822 memorati
1334 4749 1435 4834 Regis
