3214 5072
795 295 942 397 ...Q
1026 355 1029 362 ⁴

324 491 372 556 ter
388 489 455 556 eius
471 488 643 556 Morodech
658 509 728 556 eum
744 490 818 558 liliis
834 491 912 574 suis,
928 491 1060 558 Kochou
1076 509 1146 556 oum
1170 488 1323 558 iratribus
1347 491 1426 574 suis,

323 597 407 665 filius
440 597 553 682 illices,
579 597 779 670 Michoulous
803 599 877 666 liliis
903 601 1046 684 Sombot,
1073 601 1193 683 Vnoea,
1219 599 1278 666 lilii
1301 602 1426 681 Mones,

292 748 294 755 ·
321 704 471 773 Ananiae
488 725 558 772 eum
573 703 639 772 filie
656 724 714 774 suo
729 707 824 790 Auta,
836 713 867 771 et
883 705 1001 774 fratres
1016 709 1085 774 eius
1100 707 1247 774 Ananias
1262 714 1295 772 et
1311 705 1423 774 Outus.

321 815 455 899 Insuper
471 815 505 879 in
521 813 634 880 cadem
650 814 729 879 villa
757 813 877 882 Gornes
902 815 956 880 isti
981 820 1055 882 sunt
1078 814 1240 900 pelliparii
1254 813 1421 882 Ecclesie:

320 921 471 1010 llichileu
487 941 557 986 eum
573 921 638 1002 filio
655 941 712 988 suo
729 921 834 988 Nuhu.
851 924 1004 990 Preterea
1020 923 1059 988 in'
1069 921 1183 1002 eadem
1198 923 1327 1008 prefata
1344 923 1424 990 uilla

319 1031 374 1097 isti
388 1034 463 1096 sunt
477 1030 640 1115 agricole:
667 1029 724 1094 filii
747 1029 901 1114 Bulchou,
918 1029 1056 1098 Kechcd
1072 1051 1142 1099 oum
1157 1030 1225 1098 filio
1242 1051 1301 1098 euo
1311 1031 1426 1098 Thera

319 1144 353 1206 et
366 1138 451 1205 filius
467 1137 535 1204 cius
555 1137 673 1220 Baelo,
697 1137 783 1204 filius
815 1137 973 1224 Ohcukes,
1007 1141 1127 1206 Penluo
1158 1147 1191 1206 ct
1223 1140 1340 1206 fratres
1372 1137 1423 1206 sui

319 1244 443 1329 Theke,
460 1243 564 1336 Beda,
580 1245 670 1328 Chat,
686 1243 768 1311 lilius
784 1245 920 1324 sacrae,
944 1247 1049 1326 Quina
1075 1268 1145 1314 cum
1170 1247 1245 1315 filiis
1272 1255 1304 1314 et
1324 1249 1437 1314 frater·

320 1353 399 1436 eius,
409 1353 559 1436 Hermas,
569 1352 653 1418 filius
669 1353 881 1439 Monehaohy,
897 1338 1051 1440 Thompa,
1067 1355 1152 1422 filius
1168 1356 1288 1440 Zobas,
1303 1356 1425 1434 Zehee,

316 1459 401 1526 filius
419 1458 576 1544 Stephan,
593 1461 739 1544 Samson,
756 1459 842 1526 lilius
867 1460 988 1538 Alberl,
1014 1463 1149 1547 Hoauge
1179 1483 1250 1530 cum
1276 1462 1341 1528 filio
1366 1482 1425 1529 suo

316 1565 439 1652 Beneh,
455 1567 540 1635 lilius
572 1567 709 1651 Kessch,
740 1569 860 1634 Pentuo
890 1579 961 1634 orm
986 1569 1062 1636 filiis
1089 1572 1183 1636 Petro
1208 1577 1242 1636 ct
1264 1569 1422 1638 Marcello

316 1677 415 1744 irater
431 1677 508 1760 cius,
527 1677 664 1743 Chomos
682 1695 752 1742 oum
768 1675 834 1744 filio
851 1697 909 1744 suo
925 1677 1061 1762 Mochy3
1088 1680 1206 1745 tercius
1228 1679 1328 1744 irater
1351 1678 1424 1744 eius

316 1783 445 1869 Semclrj
462 1803 534 1850 eum
549 1784 699 1852 filiissuis
710 1783 844 1869 Thomu,
855 1783 1031 1852 Ohckeuet
1043 1785 1160 1852 ceteris
1171 1785 1325 1852 fratribus
1340 1785 1425 1852 llor-

316 1900 419 1975 tunus,
436 1892 563 1978 liacoy,
578 1891 636 1958 lilii
651 1893 741 1978 Elec,
758 1891 847 1958 Vsud
863 1911 936 1959 cum
951 1891 1026 1978 filiis
1043 1893 1121 1977 suis,
1137 1892 1275 1960 Meeheu
1302 1899 1333 1958 et
1360 1891 1425 1958 fra·

316 1999 457 2083 tressui,
472 2001 573 2082 Betei,
590 1999 674 2066 filius
690 2000 834 2086 Meohcu,
850 2000 908 2066 filii
924 2001 1020 2084 Suge,
1041 1999 1160 2085 Chele,
1179 1999 1226 2089 Sy
1235 2019 1309 2068 mou
1325 1999 1426 2066 lralcr

316 2106 417 2174 Wsud
433 2126 504 2174 oum
520 2106 594 2174 filiis
610 2109 677 2175 suis
692 2109 824 2176 Salomo
840 2115 872 2175 et
888 2107 1040 2176 Bolchou.
1065 2109 1181 2176 Eeiam
1198 2109 1253 2176 isti
1278 2115 1353 2174 suut
1376 2107 1423 2171 vi-

314 2216 439 2282 nitores
453 2215 487 2280 in
502 2215 617 2282 eadem
642 2215 808 2302 sepedicta
831 2217 911 2283 uilla
936 2216 1079 2284 Gomas:
1104 2216 1188 2282 filius
1215 2216 1302 2299 Elue,
1320 2216 1424 2282 Kara-

316 2322 400 2408 ehyn
428 2342 499 2388 cum
513 2321 673 2390 filiissuis
688 2323 806 2408 Hogud
822 2330 854 2391 et
868 2323 1003 2408 Domas,
1018 2324 1105 2391 filius
1121 2325 1221 2408 Eeho,
1239 2325 1423 2402 Morodech.

315 2430 469 2496 Preteree
482 2428 648 2496 in'eadem
663 2431 742 2496 uilla
757 2437 832 2498 sunt
856 2430 910 2497 isti
935 2431 1146 2499 cubicularii:
1169 2430 1252 2497 filius
1276 2433 1424 2516 Holmus,

314 2539 410 2604 Pctur
426 2539 497 2602 euni
513 2537 578 2604 filio
592 2555 662 2621 suo,
676 2538 822 2634 Horubus
839 2537 922 2605 filius
947 2537 1070 2622 Feroci,
1103 2538 1236 2606 Eudrch
1260 2545 1293 2604 et
1315 2540 1424 2623 Some,

317 2644 401 2712 filius
417 2645 532 2714 Bester
546 2647 694 2730 pulsator
709 2645 846 2714 ecclesie
862 2654 913 2712 est
938 2666 1012 2712 eum
1036 2645 1101 2712 filio
1127 2665 1184 2714 suo
1210 2648 1320 2714 Paulo.
1345 2647 1421 2733 Hijs

315 2751 552 2820 connumeratis
584 2753 777 2821 tendendum
808 2761 859 2821 est
881 2754 1006 2821 iamed
1029 2761 1144 2821 metes.
1177 2757 1293 2838 Itaque
1318 2755 1424 2840 prima

306 2867 404 2954 ¹meta
418 2867 505 2928 terre
519 2863 637 2947 prelati
652 2862 757 2948 predii
782 2864 945 2949 egreditur
961 2863 1002 2928 de
1017 2863 1102 2946 lacu,
1130 2863 1215 2946 quod
1230 2863 1328 2948 uulgo
1345 2863 1423 2930 diei·

315 2977 365 3036 tur
381 2971 520 3038 Boloturr
536 2969 697 3038 tendendo
712 2991 816 3054 usque
841 2971 884 3038 ad
908 2969 1080 3038 basilicam
1108 2973 1202 3038 Beati
1228 2971 1423 3055 Clementis,

313 3077 388 3146 iude
404 3079 595 3164 percellere
619 3079 766 3165 dirigitur
790 3099 902 3147 uersus
930 3081 1086 3147 orientem
1112 3099 1214 3163 usque
1239 3079 1282 3145 ad
1306 3079 1423 3146 siluam

311 3189 443 3256 nomine
457 3187 593 3271 Betheu,
612 3205 673 3272 que
689 3193 740 3254 est
755 3189 920 3271 Ecclesie3
944 3186 1060 3254 deinde
1085 3186 1198 3252 circuit
1214 3185 1350 3253 eandem
1368 3185 1423 3250 sil-

311 3315 387 3362 uam
403 3301 436 3362 et
450 3296 555 3381 uergit
569 3315 686 3363 uersus
711 3299 889 3363 australem
913 3296 1043 3382 plagam
1059 3296 1102 3363 ad
1118 3295 1257 3362 montem
1273 3297 1327 3379 qui
1344 3293 1423 3362 diei·

310 3413 362 3472 tur
376 3405 556 3490 Zaarhegy,
573 3410 606 3469 et
621 3402 666 3470 ibi
681 3411 755 3469 sunt
782 3411 868 3470 mete
885 3422 963 3470 eum
990 3402 1107 3468 IIII-or
1133 3401 1238 3486 uillis;
1263 3401 1335 3468 iude
1361 3421 1421 3484 per

310 3513 444 3579 eundem
463 3493 601 3579 ruentem
616 3510 721 3578 tendit
740 3531 854 3578 uersus
871 3509 1105 3578 occidentalem
1120 3511 1256 3598 plagam
1272 3509 1315 3576 ad
1330 3509 1420 3574 uiam

311 3639 372 3703 que
391 3619 507 3687 dicitur
518 3619 659 3704 Hodvth,
675 3619 750 3686 inde
764 3639 823 3704 per
839 3621 974 3686 eandem
984 3617 1078 3684 uiam.
1088 3620 1176 3684 uenit
1191 3617 1423 3703 adppedietam

310 3729 422 3794 villam
446 3727 587 3812 Gomas;
610 3727 729 3795 deinde
754 3729 926 3794 reuertitur
956 3725 999 3790 ab
1029 3725 1224 3792 occidentali
1254 3733 1347 3810 parte
1379 3725 1423 3790 ad

309 3834 468 3920 prefatum
494 3835 643 3902 Boletun.
667 3837 704 3901 In
720 3836 800 3902 uilla
818 3836 960 3938 Tlclolcy
975 3841 1048 3901 suut
1063 3833 1119 3901 isti
1134 3835 1292 3919 ujnitores
1309 3833 1423 3898 Eccle-

280 3974 282 3982 Α
309 3944 377 4024 sie:
401 3942 459 4008 lilii
483 3941 554 4026 Jed,
581 3941 645 4008 Elh
668 3963 739 4010 oum
762 3943 827 4010 lilio
853 3963 920 4028 suo,
945 3943 1040 4016 Fileh
1066 3943 1165 4010 frater
1193 3939 1272 4028 eius,
1288 3943 1424 4010 Nuuzou

312 4049 382 4116 oum
397 4050 471 4119 liliis
488 4049 565 4135 suis,
587 4051 655 4135 Pet,
670 4052 773 4135 Beda,
798 4051 855 4118 filii
871 4053 986 4129 Korne,
1011 4052 1146 4120 Gumizd
1175 4071 1247 4118 cum
1273 4050 1340 4136 lilio
1365 4069 1424 4119 suo

308 4156 445 4242 Mathia,
456 4157 557 4224 irater
571 4159 639 4225 eius
656 4159 752 4243 Euru,
765 4161 831 4226 Zeu
841 4179 911 4226 eum
921 4160 986 4227 filio
997 4179 1055 4226 suo
1071 4160 1214 4236 lliohou,
1231 4155 1421 4241 liliusJoau,

310 4264 501 4332 (lhomoslou
518 4285 589 4333 curn
604 4265 670 4333 filio
686 4287 754 4348 suo,
770 4267 904 4334 Heuche
928 4266 1012 4335 iilius
1037 4267 1157 4354 Mochi,
1181 4267 1310 4334 Foohas
1335 4265 1422 4332 filius

210 4433 212 4438 ,
306 4371 429 4455 llliltou,
448 4373 606 4458 Georgius
622 4395 693 4442 eum
709 4375 784 4444 filiis
800 4377 868 4443 suis
883 4377 1032 4460 Nemellj,
1065 4375 1169 4458 Guze,
1197 4374 1309 4458 lllihal,
1336 4375 1440 4442 fiune

308 4477 409 4563 Bake,
433 4482 554 4548 Forcoe
580 4503 650 4548 oum
676 4483 743 4550 lilio
773 4484 926 4568 Fenerus,
957 4483 1042 4551 filius·
1065 4483 1211 4566 Mochou,
1247 4483 1358 4550 llihel.
1382 4483 1421 4548 In

309 4586 391 4654 uilla
420 4589 569 4691 Zffflu
598 4591 651 4660 isli
681 4599 753 4660 sunt
783 4592 993 4681 ioubagiones
1030 4591 1196 4660 Ecclesia:
1226 4591 1284 4660 filii
1314 4592 1414 4674 Beue,
