3214 5066
128 515 214 581 nitas
231 511 276 580 ad
293 517 482 601 perpetrem
498 513 546 578 rei
562 512 750 588 memoriam
766 518 800 580 et
812 511 994 580 firmitatem
1009 512 1079 580 fieri
1096 511 1243 597 leeimns,

130 630 162 690 ut
187 628 383 690 censeantur
412 621 542 708 pnplira
572 617 659 707 (lgy)
704 626 920 688 monumenta.
959 622 1073 690 neum
1105 629 1156 689 est
1185 621 1247 688 boe

127 735 221 800 Anno
237 732 408 799 Dominiee
424 729 675 800 lnearnaoionis.
691 731 748 797 ΜΟ.
765 729 840 797 000.
859 727 945 804 xv,

200 909 347 982 (Eredetie
365 907 511 966 taldltatilr
530 925 547 964 a
566 907 767 965 suentmdrtoni
786 906 938 981 fdspdtsdg
957 885 1175 976 levdltdrdbanb

556 1099 796 1112 mnu-nu·-

661 1344 717 1408 70.

128 1525 325 1611 Bordtsopos
342 1525 480 1610 epyeasep
509 1523 603 1588 Undae
619 1521 848 1612 ponebabalms'
869 1515 1089 1586 saontmdrtoni
1111 1525 1188 1610 aput
1210 1525 1243 1587 e'a

127 1629 229 1696 Jdaoa
257 1629 339 1718 prof
365 1631 435 1693 beer
465 1629 584 1696 Rrauka
620 1629 797 1716 belyadpbeu
835 1629 902 1694 leod
932 1625 1074 1716 biaooyoe
1103 1628 1244 1733 fdlduelt

553 1737 695 1825 apparea
720 1739 817 1802 1216.

224 1917 438 1986 'Universitas
455 1915 595 2002 Capituli
627 1885 816 1984 (leudensis
840 1917 988 1982 omnibus
1009 1913 1132 1982 christi
1163 1873 1241 1983 fide

130 2025 224 2110 libus,
239 2025 284 2092 ad
299 2045 381 2110 quos
396 2027 526 2093 litterae
535 2031 703 2112 presentes
714 2025 944 2120 perveneritet,
962 2026 1099 2092 salntem
1114 2025 1146 2090 in
1163 2043 1242 2091 vero
1342 2053 1345 2062 v

129 2133 277 2200 salutari.
301 2132 516 2208 Universitati
543 2139 653 2208 ¹vestre
683 2139 791 2199 notram
822 2131 959 2200 lauimus
989 2151 1047 2219 per
1077 2133 1242 2219 presentia

126 2243 259 2329 senipta,
277 2231 363 2324 ¹rprrod
379 2239 474 2306 Urias
489 2240 553 2305 Dei
569 2237 677 2325 gratia
693 2239 805 2306 Abbas
822 2241 935 2306 Seneti
954 2241 1087 2306 Martini
1115 2246 1148 2306 et
1161 2240 1242 2325 ejus

128 2351 325 2433 Conventus,
343 2349 504 2416 exaltera
518 2353 614 2433 parte
629 2346 795 2414 lohannes
810 2346 895 2414 filius
911 2348 1044 2414 Antonii
1059 2349 1194 2418 Comitis
1208 2351 1242 2416 in

124 2457 290 2546 presentia
306 2462 417 2536 nostra
433 2453 662 2523 convenientes
678 2475 743 2534 una
760 2476 831 2522 eum
856 2456 1023 2543 prestaldo
1047 2455 1147 2541 Regis
1177 2458 1241 2538 An-

127 2570 226 2636 dreae
243 2566 380 2634 seeundi
396 2565 526 2632 nomine
540 2562 691 2630 Benlradi
707 2563 966 2651 degeneratione
982 2565 1056 2652 (ing
1071 2566 1153 2634 tolia
1167 2589 1239 2655 pro·

126 2681 324 2763 posuerunt3
343 2672 429 2758 qnod
446 2671 592 2759 prelatos
609 2671 720 2738 Abbas
739 2675 850 2741 Saneti
868 2673 999 2740 Martini
1015 2681 1048 2742 et
1063 2675 1134 2760 ejus
1145 2675 1240 2762 Gepi-

123 2784 226 2852 tulum
242 2799 342 2866 super
358 2780 532 2865 discordia,
554 2799 616 2862 que
641 2782 724 2856 inter
745 2799 800 2848 eos
816 2787 848 2847 et
862 2780 1040 2870 prediotnm
1056 2779 1238 2850 Johunnem

124 2899 195 2957 orta
212 2888 322 2956 luerat
335 2907 395 2975 pro
414 2887 511 2970 tertie
534 2894 628 2974 perte
651 2891 735 2953 terre
751 2889 792 2955 de
808 2889 887 2957 ville
901 2888 1027 2974 Runlra,
1045 2909 1140 2974 quum
1155 2891 1241 2958 idem

123 2999 293 3066 lohannes
324 3002 447 3062 emerat
476 2994 519 3061 ab
550 2993 682 3062 Urbano
709 2993 834 3062 Gemite
860 2995 902 3063 de
926 2997 1082 3066 Komaria
1106 2997 1241 3066 inbono

124 3106 253 3174 modum
269 3105 527 3191 transegissent:
550 3103 643 3182 Quod
658 3123 716 3188 pro
739 3110 914 3174 memorate
930 3111 1016 3174 terre
1031 3107 1128 3174 tertia
1142 3115 1239 3194 parte

123 3213 156 3280 in
179 3220 278 3301 prato
305 3215 395 3280 etin
421 3213 634 3298 arundineto,
659 3221 692 3280 et
716 3214 749 3279 in
775 3213 920 3280 eiusdem
944 3219 1028 3281 terne
1052 3216 1238 3300 piseationi-

123 3323 194 3406 bus,
212 3329 247 3386 et
263 3319 296 3386 in
313 3315 667 3403 stagnisexistentibus
681 3321 876 3405 ubieunque,
894 3339 973 3408 sepe
1000 3319 1106 3387 dietus
1126 3312 1240 3389 Abbas

123 3437 154 3496 et
170 3431 356 3516 capitulum
367 3427 536 3496 dedissent
551 3431 583 3496 in
601 3429 825 3502 oonoambium
835 3435 963 3514 pratum
979 3429 1126 3496 liloelesie
1143 3415 1239 3500 situm

121 3542 154 3607 in
170 3541 254 3616 loeo,
270 3538 324 3622 qui
339 3543 473 3606 soeutur
484 3536 582 3622 juxta
598 3537 718 3605 idioma
734 3545 818 3604 terre
836 3537 1236 3624 Milartew,eirenmmeta·

122 3656 188 3714 tum
205 3647 275 3713 suis
290 3645 384 3712 metis
399 3663 503 3730 usque
526 3647 558 3714 in
585 3647 781 3732 Danubium,
800 3665 871 3735 oum
894 3646 1075 3732 piscatione
1098 3647 1240 3716 Danubii

121 3753 245 3822 ibidem
262 3754 421 3822 existente
436 3747 522 3820 infru
537 3753 668 3820 easdem
690 3747 804 3832 dietas,
821 3773 886 3821 non
903 3753 1106 3823 obstantibus
1122 3755 1238 3840 aliqui·

121 3865 182 3930 bns
199 3861 318 3928 litteris
334 3868 368 3928 et
382 3861 581 3950 privilegiis,
603 3883 663 3948 pro
678 3861 864 3930 molendino
880 3871 997 3948 autem,
1014 3866 1100 3948 qnod
1115 3863 1239 3932 iecerat

123 3979 155 4040 st
170 3970 248 4037 aliis
265 3971 425 4057 operibns,
442 3989 504 4054 que
521 3967 645 4036 ieeerat
661 3971 692 4036 in
718 3991 818 4056 supra
835 3970 922 4038 dieta
946 3979 1043 4056 terra,
1054 3995 1059 4002 ·
1070 3972 1145 4038 date
1163 3979 1239 4040 snut

123 4079 229 4146 eidem
255 4078 397 4145 lobanni
422 4078 465 4144 ab
489 4071 774 4166 Euelesia'sepios
806 4080 894 4146 dieta
919 4081 1031 4148 deeem
1056 4087 1089 4146 et
1114 4087 1238 4166 septem

124 4207 244 4256 maroe.
258 4188 307 4254 Ne
323 4195 433 4254 sotem
445 4205 599 4272 proeesse
613 4187 768 4273 temporis
776 4187 948 4256 oblivionis
966 4187 1238 4274 impedimentum,

123 4297 174 4362 nel
190 4297 304 4380 aliqua
320 4313 489 4382 emergens
506 4296 671 4363 cavillatio
689 4299 799 4363 valeat
814 4297 963 4381 partibus
979 4293 1149 4380 derogare,
1165 4316 1238 4383 pre·

125 4411 248 4470 sentem
264 4421 397 4470 oausam
412 4405 516 4471 tribue
532 4405 630 4471 euntis
655 4405 881 4471 adnotavimus
896 4403 1056 4470 intercisis
1081 4403 1237 4489 alfabeto,

126 4521 159 4580 et
173 4509 307 4580 easdem
324 4513 439 4597 sigillis
455 4511 595 4600 (lapitoli
612 4514 802 4581 Georiensis
826 4520 859 4580 et
883 4514 996 4581 Sanoti
1011 4513 1141 4580 llartini
1168 4531 1235 4580 eor-

127 4621 271 4689 roborari
287 4620 485 4690 deerenimus
502 4623 697 4708 expertium
714 4643 889 4708 eonsensu3
914 4643 979 4692 uua
1002 4643 1042 4691 ex
1067 4621 1148 4710 ipsis
1174 4640 1238 4706 que
