3214 5072
655 331 798 433 „12¹-

165 550 240 598 cum
253 529 331 615 filio,
343 529 402 597 filii
412 527 571 613 Vosaard,
584 527 730 611 Dcmciu,
740 527 866 612 Aratus,
877 527 961 596 tilius
972 531 1145 615 Laurentii,
1156 535 1276 602 Zemdu

165 657 240 704 cum
256 637 333 706 filiis
357 639 435 721 suis,
461 637 590 718 Forcos,
616 633 741 719 Modue,
766 634 851 702 iilius
876 636 994 704 Thidia
1021 659 1092 704 cum
1116 638 1181 705 tilio
1206 659 1274 725 suc,

165 745 284 812 Kerus.
317 749 470 813 Protereu
499 745 533 810 in
559 744 640 810 uilia
669 742 787 808 Bcclcr
818 743 872 810 isti
898 751 971 811 sunt
995 745 1181 814 vduomioi:
1217 747 1275 814 tilii

167 853 311 938 Georgii,
328 853 448 936 Cheke,
464 851 592 933 Paulus,
608 851 785 933 Mortunus,
804 849 902 935 Suke,
919 851 1004 918 filius
1020 851 1189 936 iohannis,
1206 855 1277 920 Ma-

167 961 243 1046 tias,
270 961 357 1028 filius
383 961 482 1044 Litai,
509 959 600 1027 Foud
631 977 700 1024 cum
724 957 797 1025 tiliis
823 959 908 1042 suis,
925 959 1056 1047 Sachat,
1084 959 1203 1029 Vosod.
1236 965 1273 1029 In

172 1069 253 1136 nura
269 1069 389 1156 camus
403 1069 450 1152 hij
469 1049 544 1134 sunt
558 1067 780 1151 ioubngionos,
797 1067 853 1149 qur
868 1069 1078 1136 oeconomo
1101 1070 1181 1136 uilla
1205 1071 1277 1137 noo

170 1177 212 1243 do
242 1197 362 1264 genere
391 1177 582 1262 Augustini:
605 1174 767 1257 Enderoh,
792 1175 878 1242 filius
895 1177 1054 1262 Gregorii,
1080 1180 1182 1246 Micus
1206 1200 1277 1246 cum

169 1285 237 1352 iilic
253 1305 313 1352 suo
329 1285 459 1368 Magno,
482 1283 540 1350 filii
560 1282 777 1365 Michodenus,
802 1285 1005 1369 Laurentius,
1030 1286 1168 1367 unroco,
1192 1285 1276 1351 iilius

167 1393 300 1468 Aiiccla,
317 1393 428 1478 Bugus
445 1411 516 1458 cum
532 1390 600 1466 filio
616 1411 674 1458 suo
690 1391 788 1470 Guze,
806 1389 864 1456 filii
879 1393 999 1477 Matey,
1022 1391 1179 1462 Martinus
1205 1415 1275 1462 cum

169 1501 236 1567 filio
253 1519 313 1566 suo
330 1500 405 1581 Bao,
432 1501 533 1566 frater
557 1499 625 1567 eius
649 1497 796 1564 Yanzchi
820 1517 891 1564 cum
916 1499 982 1565 filio
1007 1519 1066 1567 suo
1093 1502 1166 1588 Gyi,
1192 1503 1278 1569 iilius

169 1609 320 1690 Fabiani,
337 1605 490 1674 Thadenu
505 1612 577 1672 oum
602 1605 679 1672 filiis
704 1607 774 1672 suis
797 1607 954 1690 Jchanne,
981 1607 1086 1692 Nuhu,
1111 1609 1196 1682 iilius
1222 1599 1278 1678 Se-

168 1715 321 1798 bastiani,
338 1715 485 1782 Ananias
501 1735 573 1796 cum
589 1711 664 1780 filiis
682 1715 756 1785 suis,
773 1713 923 1797 lbrhaen,
934 1713 1067 1781 Andron
1082 1717 1182 1784 fratre
1198 1719 1279 1798 eius,

167 1825 286 1911 Ipoitc,
301 1823 386 1889 filius
401 1823 535 1888 alterius
560 1822 675 1906 Ipoult‚
700 1822 822 1889 'Pedias
849 1841 919 1887 cum
944 1821 1019 1889 filiis
1044 1824 1110 1890 suis
1134 1825 1277 1908 Herhud,

168 1934 321 2018 symone,
337 1930 421 1998 filius
437 1931 580 2016 Symicn,
597 1931 717 1996 Paulus
734 1929 987 2014 tumultuosis,
1004 1931 1114 2000 Budur
1130 1939 1163 1999 et
1178 1932 1277 2000 frater

170 2042 251 2123 eius,
277 2040 363 2106 fitius
388 2035 529 2118 cuchen,
555 2038 675 2104 Cosma
699 2055 769 2103 cum
802 2037 877 2102 titiis
909 2038 985 2114 onis,
1007 2039 1144 2126 Jacobo,
1163 2037 1279 2127 Mochi,

169 2149 259 2216 filius
276 2148 386 2229 Marci,
403 2145 562 2213 Medores.
587 2145 641 2230 Hij
659 2145 875 2229 prenominati
888 2153 960 2212 sunt
977 2148 1112 2232 equites,
1137 2155 1169 2214 et
1194 2136 1278 2214 filius

170 2250 299 2324 Thebis
314 2253 505 2338 sacerdotis,
532 2253 699 2337 qui'uenit
724 2251 764 2320 de
790 2253 957 2339 Bychachi
987 2254 1170 2322 uduornicis
1192 2255 1281 2323 :Iuba
1353 2312 1358 2324 .

169 2365 302 2432 nomine
317 2383 390 2428 oum
405 2361 481 2427 tiliis
496 2362 563 2426 suis
580 2361 691 2440 Panlo,
709 2359 793 2424 Both
809 2367 842 2424 ct
866 2359 1042 2427 Benedicto
1068 2371 1141 2427 sunt
1166 2362 1280 2430 uduor-
1319 2399 1323 2406 ·

170 2468 245 2539 nici.
269 2472 326 2556 Hij
343 2477 415 2536 sunt
431 2470 532 2536 eciam
558 2469 599 2534 de
630 2468 698 2534 alia
721 2467 935 2552 generacicne
960 2469 1223 2536 uduornicorum:
1248 2471 1282 2534 fi-

171 2579 236 2646 lius
252 2579 385 2653 Bolscu,
402 2577 521 2644 Miccla
537 2597 608 2642 cum
624 2576 699 2643 filiis
715 2576 793 2659 suis,
818 2575 939 2659 Tubus,
963 2577 1077 2663 Dolus,
1102 2565 1280 2646 Thimoteo.

171 2689 326 2756 Pretorea
342 2685 438 2752 otiam
455 2684 509 2751 isti
526 2689 598 2750 sunt
614 2683 654 2751 de
670 2683 735 2749 aiio
753 2701 871 2768 genero
897 2683 1163 2751 uduornicorum:
1189 2685 1282 2752 Beke

171 2795 258 2861 filius
275 2793 409 2876 Gentus,
424 2789 702 2884 Dionisyusufilius
717 2791 876 2874 Horogus,
893 2792 990 2857 Petur
1006 2811 1076 2858 cum
1101 2791 1176 2860 titiis
1202 2795 1281 2878 cuis,

173 2901 274 2990 Opus,
306 2899 474 2975 Ombreus‚
505 2897 605 2964 frater
637 2897 707 2962 cius
739 2895 856 2978 Kuinc,
882 2903 914 2962 et
928 2895 1013 2964 filius
1030 2899 1098 2966 eius
1114 2899 1235 2986 Kyliou
1251 2907 1284 2967 et

174 3010 274 3076 cctcri
290 3008 406 3074 fratres
424 3007 473 3073 sui
488 3007 611 3090 Bondn,
626 3003 749 3087 Dedus,
761 3005 881 3089 Zegeu,
897 3005 981 3073 filius
998 3007 1109 3091 Pothe,
1127 3007 1284 3086 Andreas,

171 3117 231 3183 tilii
246 3115 370 3198 Hodus,
386 3115 543 3180 Kelemen
560 3131 631 3178 cum
646 3111 712 3177 filio
738 3111 897 3198 Ayanduc
923 3119 955 3178 et
979 3113 1078 3181 fratre
1104 3134 1163 3182 suo
1188 3113 1283 3198 Vido,

173 3224 260 3290 titius
286 3223 389 3306 Rene,
420 3223 527 3304 Biuis,
553 3227 586 3286 et
610 3221 782 3304 Stepanus.
815 3221 970 3287 Preterea
994 3223 1098 3291 sciam
1132 3223 1186 3289 isti
1210 3229 1285 3290 sunt

174 3330 341 3398 vducrnici
355 3327 390 3395 in
405 3330 485 3396 uilla
500 3331 615 3396 cadem
627 3327 747 3394 Gomas
758 3335 1000 3413 commorantes,
1011 3349 1144 3412 qnorum
1153 3332 1284 3398 nomina

177 3445 251 3506 sunt
276 3439 356 3505 hec:
390 3438 557 3518 Bodcmer,
583 3437 686 3502 Kores
713 3455 783 3501 curn
807 3435 882 3502 filiis
907 3436 973 3501 suis
1000 3437 1162 3521 Forcusic,
1187 3437 1286 3520 Thac,

175 3546 278 3613 frater
294 3547 363 3612 cius
380 3545 517 3612 Mouhcu
532 3565 605 3611 oum
620 3541 695 3609 filiis
712 3543 779 3609 suis
803 3541 974 3637 Mathian,
1001 3545 1121 3628 ches,
1137 3543 1236 3612 Mada
1251 3551 1284 3610 et

176 3655 279 3722 irater
295 3655 365 3722 eius
385 3673 455 3720 cum
470 3653 536 3720 filio
552 3653 634 3736 Filo,
651 3657 785 3735 quartus
801 3651 902 3718 frater
917 3652 987 3719 cius
1009 3651 1185 3738 Mortunns,
1200 3653 1284 3718 filius

175 3761 299 3848 Bcdoy,
315 3763 437 3846 Mouna
452 3779 523 3827 cum
539 3761 612 3828 filiis
629 3757 696 3825 suis
712 3759 841 3844 Figuth,
858 3759 966 3844 Peter,
984 3759 1081 3844 noch,
1108 3759 1193 3829 filius
1208 3761 1286 3828 For·

176 3889 246 3951 nco,
263 3871 353 3934 Marc
370 3875 403 3933 et
418 3867 538 3934 fratros
556 3867 614 3952 sui,
638 3869 721 3934 filius
741 3867 812 3951 Eld,
828 3867 911 3934 Bcta
928 3888 1000 3934 cum
1015 3868 1082 3936 filio
1098 3887 1156 3936 suc
1172 3869 1285 3952 Deme,

159 3981 234 4047 'iiiii
264 3979 430 4056 Nicotaus,
456 3979 553 4064 Oeke,
579 3979 683 4046 Buhte
709 3985 742 4044 ct
767 3978 885 4045 stanes
914 3980 992 4063 eins,
1017 3979 1102 4046 filius
1128 3979 1284 4066 Stephon,

176 4087 311 4154 Bohnch
330 4105 399 4152 curn
416 4087 492 4152 filiis
508 4088 575 4154 suis
600 4089 751 4172 Boloscy,
777 4087 858 4152 Pota
882 4085 967 4153 filius
991 4086 1154 4172 Bedechy,
1181 4085 1284 4174 Obcy,

177 4195 264 4262 fitius
291 4195 410 4275 Elseh,
436 4193 573 4262 Mochou
597 4215 668 4260 oum
691 4193 758 4260 filio
783 4212 841 4259 suc
875 4193 1032 4280 Oygolcu,
1064 4193 1147 4260 filius
1177 4194 1284 4277 Feles,

32 4323 38 4336 ·
180 4301 321 4389 chyum,
336 4301 395 4369 filii
410 4303 518 4386 Wrcd,
536 4303 697 4385 Huranus,
724 4300 874 4382 Moncha,
893 4303 979 4368 iilius
1003 4303 1138 4385 mortun,
1165 4291 1282 4368 Vitatis

179 4431 250 4478 cum
269 4409 345 4476 filiis
361 4411 439 4495 Leg,
455 4411 602 4493 Wilmos,
628 4411 713 4476 filius
729 4407 823 4495 izos,
842 4409 932 4476 Ghot.
956 4411 1108 4476 Proterea
1123 4407 1156 4474 in
1172 4407 1286 4476 eudem

181 4519 306 4586 (ioman
331 4519 387 4584 isti
412 4525 486 4583 sunt
509 4519 649 4586 artifices
664 4519 829 4585 Ecclesio:
854 4517 939 4584 tilius
963 4517 1064 4593 Mous,
1088 4515 1188 4583 Potch
1214 4537 1285 4584 cum

182 4626 245 4694 iiio
263 4647 322 4694 suo
339 4625 522 4712 Zeme‚.tilii
537 4627 650 4710 Bosar,
675 4627 795 4696 Micclu
810 4647 880 4694 cum
897 4625 962 4692 iilic
978 4645 1036 4693 suo
1051 4622 1157 4704 Nuhu,
1174 4630 1207 4693 et
1222 4625 1285 4692 fta·
