3234 5072
818 361 980 476 ..Ar-

337 563 501 646 Bntorum,
516 577 652 646 magnus
668 561 780 646 Regno
806 566 839 627 et
862 557 983 627 divitiis
1009 575 1124 642 rerum,
1149 576 1294 624 mensem
1318 555 1450 626 retinnit

337 685 399 753 me,
417 675 450 734 et
464 669 605 738 renitens
622 673 734 735 eontra
750 666 957 750 voluntatem,
973 664 1069 750 qnasi
1092 665 1147 749 qni
1170 671 1287 752 sponte
1301 685 1354 734 me
1377 686 1450 752 per-

336 774 415 842 dere
438 776 624 858 voluissem,
650 775 770 860 sategit
800 793 942 859 meeum,
966 795 1007 841 ne
1032 772 1075 840 ad
1098 781 1164 840 tam
1188 772 1450 842 inrationabilem

336 891 466 969 gentem
481 883 692 969 ambularem,
709 883 764 950 ubi
780 883 902 950 nullum
917 882 1040 950 luorum
1055 881 1244 964 animumn,
1269 881 1329 950 sed
1344 883 1451 950 solam

337 999 471 1060 mortem
488 998 520 1058 et
536 991 621 1056 hane
635 991 733 1058 etiam
749 991 971 1076 turpissimam
987 991 1174 1058 invenirem.
1198 991 1272 1057 lam
1296 1009 1370 1058 eum
1381 1007 1451 1058 non
1484 1023 1489 1032 ·

335 1101 440 1186 potuit
450 1098 531 1166 etde
544 1118 594 1165 me
604 1095 735 1182 indigno
745 1097 828 1164 visio
845 1095 983 1182 quedam
994 1115 1067 1164 eum
1078 1097 1362 1180 terruit,duosdies
1378 1114 1451 1166 oum

336 1208 579 1278 exereitndnnit
594 1223 646 1274 me
661 1207 733 1290 ipse
749 1225 849 1290 usque
865 1204 909 1272 ad
918 1206 1023 1288 Regni
1037 1209 1089 1274 sui
1104 1205 1276 1273 terminum
1292 1208 1450 1292 ultimum,
1544 1291 1545 1294 Ἴ

336 1337 431 1401 quem
446 1323 709 1402 proptorvagum
733 1312 860 1382 hostem
887 1313 1071 1382 firmissima
1095 1323 1128 1382 et
1151 1315 1345 1402 longissima
1368 1334 1450 1403 sepe

336 1426 478 1508 undique
500 1423 745 1490 obonmolausit.
775 1421 860 1490 Salit
884 1419 924 1488 de
951 1441 1033 1505 equo
1072 1421 1115 1488 ad
1139 1429 1276 1507 terram
1300 1443 1351 1491 me
1378 1443 1450 1510 pre·

338 1538 435 1600 eunte
451 1551 522 1598 oum
537 1530 645 1614 soniis,
662 1530 720 1598 illo
736 1517 892 1616 sequente
908 1549 978 1596 oum
995 1529 1168 1600 maioribus
1184 1533 1252 1598 suis
1268 1531 1450 1616 egredimur

337 1622 482 1728 portamss
505 1639 596 1707 stetit
610 1640 681 1726 ipse
697 1637 730 1706 in
745 1657 818 1722 uno,
835 1657 894 1704 nos
911 1638 1058 1706 stetimus
1074 1639 1107 1704 in
1131 1637 1197 1706 alio
1217 1639 1311 1721 eollo,
1326 1623 1449 1724 ample-

340 1765 401 1816 xus
418 1748 565 1816 manibus
582 1765 709 1814 orueom
722 1745 841 1814 Christi
857 1745 1011 1829 ferebam,
1026 1753 1162 1812 euntem
1179 1747 1287 1814 nobile
1303 1765 1448 1816 oarmen:

337 1857 441 1940 Petro,
454 1878 544 1928 ‚amar
558 1877 614 1937 me,
625 1877 720 1942 pasce
734 1875 802 1919 ooeo
817 1857 921 1918 omns!
939 1853 1046 1921 Finito
1061 1855 1280 1941 responsorio,
1297 1856 1385 1923 misit
1398 1873 1448 1921 se

337 1963 407 2032 nior
422 1963 577 2030 maiorem
592 1981 685 2029 sunm
700 1961 745 2028 ad
759 1981 819 2027 nos
838 1963 870 2028 in
895 1961 956 2028 ¹beo
981 1961 1100 2028 verba:
1124 1963 1217 2028 Doni
1241 1971 1278 2045 to,
1305 1963 1358 2028 urbi
1380 1985 1450 2028 mea

338 2073 453 2140 desinit
467 2082 563 2153 terro,
579 2072 772 2135 inimieorum
786 2069 908 2155 e'ooe‘pit.
924 2069 1058 2158 Prqter
1073 2069 1177 2136 Deam
1191 2091 1274 2157 rouo,
1291 2071 1449 2136 adoneum

232 2253 234 2258 .
338 2181 468 2246 dedecus
482 2179 649 2266 deperdas
663 2177 808 2242 iuvenum
824 2179 928 2241 vitnau.
953 2176 1037 2254 Seio,
1052 2201 1122 2243 orus
1141 2187 1212 2243 aute
1237 2181 1361 2244 tertiam
1383 2180 1450 2244 aius

185 2307 188 2314 ’
315 2287 459 2374 ‚sonata
489 2287 555 2350 εἰπε
584 2306 680 2349 caasa
707 2281 795 2349 debes
824 2293 947 2369 obstare
977 2304 1118 2349 murum
1148 2295 1283 2352 mortem·
1307 2284 1448 2354 Remini:

339 2395 473 2482 Aperiat
488 2393 545 2458 ribi
558 2391 644 2458 Deus
662 2391 861 2478 paradisum,
888 2393 981 2457 aienti
1004 2391 1096 2457 bodio
1119 2397 1272 2482 aperuisti
1297 2395 1382 2458 oium
1405 2391 1451 2455 ad

336 2525 484 2592 paqoooa
515 2499 599 2579 Quid
629 2497 750 2587 plura?
782 2499 911 2567 nemine
941 2507 1093 2566 nocente·
1107 2499 1189 2568 dnos
1219 2501 1290 2569 dies
1322 2501 1448 2568 ivimus.

338 2609 449 2680 nortia
466 2608 529 2693 die,
544 2627 607 2694 que
622 2613 673 2675 est
697 2603 792 2673 sexta
816 2605 908 2688 foria,
935 2605 1036 2674 tribus
1062 2609 1205 2676 vicibus:
1223 2628 1326 2690 mano,
1355 2607 1451 2676 meri·

197 2695 204 2705 ¹
231 2771 240 2784 .
339 2719 402 2804 die,
418 2737 503 2786 noua
519 2733 630 2784 omnes
645 2715 689 2783 ad
705 2713 899 2782 oeoisionem
915 2713 1000 2782 flexa
1016 2717 1141 2810 eervioe
1157 2715 1375 2797 ducebamur,
1394 2716 1450 2799 qni

339 2831 435 2898 toties
450 2826 493 2894 ab
509 2823 747 2892 ooonrrentilins
762 2821 855 2890 nobis
872 2819 1016 2891 hostibus
1033 2820 1096 2910 (sio
1126 2823 1208 2890 dixit
1238 2824 1388 2892 dominus
1416 2831 1450 2890 et

339 2937 405 3006 dux
420 2941 530 3002 noster
547 2926 676 3017 Petrus)
693 2930 831 2999 mirabili
847 2932 938 3014 signo
948 2930 1032 2998 illesi
1043 2931 1209 2999 exivimus.
1226 2933 1398 3000 Dominioa
1408 2931 1450 2998 ad

339 3046 493 3114 maiorem
504 3038 657 3128 populum
667 3040 887 3125 pervenimus;
905 3045 937 3104 et
952 3039 1062 3106 datum
1079 3047 1129 3107 est
1153 3040 1292 3125 spatium
1307 3039 1451 3120 vivendi,

340 3155 443 3223 donee
451 3169 510 3238 per
519 3151 683 3216 currentes
693 3144 827 3212 nunoios
845 3145 1016 3213 universus
1034 3149 1171 3234 populus
1189 3155 1445 3234 oongregaretur

340 3259 382 3329 ad
397 3253 675 3340 conciliumllrgo
691 3253 734 3321 ad
750 3271 868 3320 nonam
887 3253 955 3321 alia
973 3253 1027 3320 die
1045 3255 1206 3330 dominioa
1226 3273 1381 3322 vooamur
1401 3254 1445 3323 ad
1463 3315 1465 3320 .

340 3361 791 3451 oonoilium,flagellsmuruos
802 3359 1449 3451 et'equiOoonrrnntvnlgusinnumernm

341 3476 481 3545 eruentis
492 3473 604 3556 oeulis,
615 3469 1026 3558 etlevaverontolamorem
1037 3469 1239 3558 horribilem,
1256 3471 1446 3540 milleseuu·

339 3583 527 3672 ribus,mille
536 3579 655 3667 gladiis
664 3597 762 3666 super
770 3585 913 3648 eostam
923 3579 1082 3648 oervioem
1093 3579 1285 3666 evaginatis,
1297 3581 1330 3648 in
1342 3579 1447 3650 frusta
1567 3631 1568 3639 ,

340 3711 401 3761 uos
431 3687 602 3759 oonoidere
632 3687 805 3754 minantur.
840 3689 959 3757 vexati
984 3707 1095 3757 sumus
1119 3707 1220 3775 usque
1244 3689 1287 3757 ad
1311 3695 1448 3770 nostem,

341 3797 484 3878 tractim
497 3795 660 3863 diversam
674 3799 809 3882 partem,
825 3794 936 3878 donee,
968 3797 1022 3882 qui
1038 3815 1097 3865 nos
1113 3795 1317 3866 demonibus
1340 3813 1450 3864 eorum

340 3908 426 3978 bello
442 3911 625 3992 rapuerunt,
641 3905 782 3971 maiores
810 3909 894 3972 terre
920 3905 1033 3974 andita
1055 3881 1167 3973 ndstra
1191 3903 1351 3972 sententia
1374 3923 1449 3992 eog-

341 4020 510 4098 novevunt,
524 4018 561 4079 ut
575 4017 649 4078 sunt
664 4009 840 4098 sapientes,
857 4011 1089 4100 quodpropter
1112 4011 1231 4081 bonnm
1255 4011 1448 4082 intravimus

341 4252 412 4302 mus
425 4233 549 4315 Petrus,
564 4227 703 4314 quinquo
718 4243 847 4294 meuses
861 4225 893 4294 in
909 4245 948 4294 eo
963 4228 1081 4315 populo
1098 4225 1261 4312 stetimus,
1287 4235 1354 4296 tres
1369 4246 1443 4313 par·

251 4378 254 4393 ·
343 4347 392 4411 tes
408 4339 612 4410 oirouivimus
622 4385 633 4432 ,
658 4341 807 4420 quartam
831 4355 894 4402 non
919 4333 1102 4422 tetigimus,
1127 4338 1168 4405 de
1193 4355 1257 4422 qua
1281 4335 1449 4404 meliorum

343 4447 453 4518 uuneii
467 4447 511 4516 ad
524 4465 584 4514 nos
599 4449 763 4514 venerunt.
780 4439 915 4512 (lireiter
928 4441 1061 4528 triginta
1069 4445 1195 4514 ammae
1204 4443 1450 4514 christianitate

344 4557 443 4642 tuoe,
456 4558 490 4626 ln
505 4555 606 4640 digito
614 4538 679 4624 Dei
688 4553 822 4623 lecimus
831 4571 957 4638 paoem,
968 4572 1073 4638 qnam,
1082 4561 1117 4622 ut
1125 4553 1175 4622 illi
1183 4553 1342 4640 dixerunt,
1353 4573 1450 4623 nemo

344 4671 525 4758 proteruus
540 4662 649 4733 laoere
662 4666 782 4750 posset
798 4661 863 4728 Hae
872 4681 953 4750 pue,
969 4663 1123 4750 inquiunt,
1144 4685 1204 4750 per
1228 4675 1258 4728 te
1276 4659 1375 4750 sueto
1393 4669 1447 4736 eat.
