3214 5066
702 293 854 408 ..ΕΒ-
942 401 947 408 .

167 566 169 574 ,
215 496 300 562 uiros
316 493 473 565 &acroma
489 492 716 578 etprouidosa
727 497 1017 566 conterminalibus
1032 501 1149 570 uicinis
1165 505 1329 574 circumia-

211 603 358 670 centibus
368 601 411 668 ad
421 601 645 684 inquirendam
653 603 1328 682 omnimodamreiuerirotcmadrosonien-

211 725 279 780 sem
295 708 393 776 simul
408 715 443 776 ct
457 709 658 784 Nitriensern
673 716 785 794 partes
802 729 824 776 a
839 720 951 780 nostro
967 717 1071 784 latero
1095 718 1240 792 misimus
1257 723 1328 790 dili·

210 825 324 902 gentes
340 816 566 901 inquisitores;
591 817 647 900 qui
662 819 825 886 uniuersis
841 821 886 888 ibi
912 823 1126 892 existentibus
1150 828 1325 915 interroga

209 927 250 994 tis
266 934 299 993 et
315 926 464 994 omnibus
480 922 618 991 fideliter
633 925 667 990 in
683 925 811 1012 scriptis
837 927 981 998 redactis
1006 933 1050 998 ad
1064 953 1125 1002 nos
1144 937 1327 1021 redeuntes,

209 1043 240 1102 et
255 1033 352 1100 fidem
367 1033 463 1100 nobis
479 1030 521 1098 de
536 1031 677 1100 diuersis
704 1032 906 1106 sufficienter
931 1037 1100 1127 iacientes,
1125 1061 1184 1128 per
1208 1045 1325 1112 dilini-

206 1140 522 1210 tinamsentenciam
538 1137 652 1206 ordine
677 1141 759 1206 iuris
785 1144 959 1212 obseruato
985 1147 1078 1218 totali
1105 1170 1204 1220 cause
1230 1153 1326 1224 finem

209 1251 358 1317 uolumus
371 1249 546 1335 imponere.
564 1247 630 1316 Sed
640 1267 720 1334 sepe
731 1248 810 1316 dicti
820 1252 1073 1324 Abbasscilicet
1083 1261 1347 1347 etyobagiones

206 1359 442 1440 Posonienses,
470 1355 611 1422 maxime
643 1355 777 1423 Kbuoar
797 1375 881 1426 >cum
912 1361 1062 1431 cirulibos
1093 1368 1261 1438 laboribus
1292 1365 1325 1436 dt
1386 1436 1391 1444 ,

206 1466 363 1552 exemplis
379 1468 553 1550 paroentes
568 1481 627 1549 per
642 1466 775 1532 nimiam
792 1467 990 1551 peticionum
1016 1470 1212 1544 instanciam
1228 1479 1325 1563 ¹cirea

205 1581 314 1644 nostre
330 1571 542 1640 discrecionis
557 1591 714 1660 personas
731 1573 941 1662 desudantes,
967 1587 1000 1644 et
1026 1588 1136 1668 nostro
1162 1569 1324 1657 consensu
1429 1571 1432 1584 ¹

204 1684 365 1771 prc‘bono
381 1682 473 1766 pacis
488 1676 725 1769 D(esidorium)
750 1669 973 1756 uenerabilem
998 1691 1195 1779 Episcopum
1221 1696 1324 1763 Gena-

203 1791 359 1872 diensem,
382 1789 465 1857 Potb
490 1791 652 1872 quondam
684 1789 881 1869 Palatinum,
913 1795 1135 1866 Alexandrum
1166 1801 1323 1872 Comitem

203 1898 452 1990 Symygiensem
478 1897 619 1964 arbitros
644 1900 814 1985 elegerint,
843 1901 1067 1985 promittentes
1098 1905 1230 1976 firmiter
1261 1913 1323 1980 sub

203 2027 290 2096 pena
303 2007 367 2076 -LX
392 2025 584 2091 marcarum,
602 2026 638 2074 se
657 2013 764 2074 ratum
779 2009 950 2078 babituros
977 2016 1096 2098 omnia,
1122 2037 1184 2101 que
1212 2031 1324 2090 essent

203 2119 327 2202 arbitri,
342 2116 599 2186 contradictores
615 2136 693 2184 uero
709 2119 874 2185 sentencie
895 2139 1007 2188 eorum
1025 2145 1145 2210 penam
1159 2127 1220 2196 LX
1238 2125 1320 2200 mar·

203 2245 388 2294 marcarum
418 2226 616 2302 incursuros.
650 2222 712 2302 Qui
740 2227 1000 2312 allegaciooibus
1025 2235 1195 2320 utriusque
1219 2241 1322 2324 partis

201 2329 368 2402 hincinde
384 2329 557 2418 diligenter
572 2331 700 2417 auditis,
717 2341 751 2400 et
766 2335 1021 2421 probacionibns
1046 2361 1126 2429 sepe
1151 2344 1231 2420 dicti
1255 2347 1320 2416 Ab·

201 2443 285 2510 batis
302 2443 337 2510 in
357 2439 498 2508 medium
524 2440 682 2527 deductis,
708 2444 789 2510 uisis
815 2446 1036 2532 inspectisque
1061 2453 1241 2536 prioile'giis
1257 2457 1319 2524 lic·

199 2552 299 2618 clesie
314 2551 411 2617 Beati
428 2547 558 2616 Martini
572 2550 660 2630 ueris
677 2555 709 2615 et
723 2553 909 2638 autenticis,
926 2556 1153 2642 iobaglonibns
1177 2567 1318 2652 repertis

199 2659 329 2726 iusticia
345 2657 469 2724 Abbati
484 2641 685 2743 suffragante
702 2659 750 2724 sic
766 2666 841 2726 sunt
856 2663 1028 2730 arbitrati:
1054 2667 1148 2746 Quod
1171 2671 1317 2760 iobagio·

200 2785 259 2835 nes
286 2775 319 2833 at
344 2766 458 2832 ciuiles
489 2761 718 2848 Posonienses,
749 2769 891 2836 manime
917 2761 1052 2840 Kbuoar
1075 2783 1177 2845 totam
1202 2787 1319 2850 terram

198 2873 337 2942 duarum
352 2873 514 2958 uillarum,
530 2873 656 2941 scilicet
672 2873 770 2941 stara
786 2885 818 2942 ot
833 2876 967 2966 Vduory
982 2883 1106 2954 Abbati
1121 2887 1154 2954 in
1170 2909 1254 2974 pace
1270 2891 1316 2958 di-

198 2973 362 3052 mitterent
391 2981 643 3069 possidendam
667 2971 710 3050 'in
734 2991 1079 3072 recompensacionem
1106 3015 1186 3064 uero
1210 2999 1316 3085 tocius

198 3093 331 3178 dampni
346 3091 487 3160 duarum.
498 3090 652 3158 uillarum
668 3095 906 3178 sepedictorum
925 3100 1055 3184 penitus
1080 3090 1316 3178 destructarum

199 3203 326 3270 XXXV
341 3219 471 3270 marcas
497 3201 742 3287 persoluerent3
767 3204 881 3271 Abbas
905 3225 993 3292 nero,
1019 3229 1097 3298 cum*
1116 3233 1257 3298 persona
1283 3227 1315 3287 et

198 3331 298 3380 cansa
309 3311 380 3402 sint
395 3303 627 3392 ecclesiastice,
645 3329 686 3375 ne
704 3312 882 3378 secundum
901 3317 1112 3408 quorumdam
1129 3322 1314 3406 opinionem

195 3419 291 3497 nimis
307 3419 467 3502 uideretur
481 3419 604 3483 luorum
621 3423 789 3502 appetere,
819 3440 877 3505 pro
908 3423 994 3490 bono
1026 3427 1117 3510 pacis
1149 3430 1190 3497 de
1220 3439 1313 3504 toteli

195 3535 283 3597 terra
299 3527 432 3593 duarum
449 3525 610 3608 uillarum,
627 3525 754 3592 scilicet
770 3515 868 3595 Stare
893 3536 926 3596 et
950 3530 1093 3621 Vduory,
1118 3540 1311 3622 particulam

194 3636 360 3721 quandam
376 3635 501 3702 seilicet
517 3635 561 3702 ad
576 3635 640 3702 duo
656 3641 769 3702 aratra
794 3641 1015 3708 tantummodo
1041 3651 1159 3714 terram
1184 3651 1312 3737 sepedi-

194 3746 254 3813 ctis
268 3739 496 3828 iobagionibus
512 3749 545 3808 et
563 3742 709 3810 ciuilibus
725 3745 980 3816 Posoniensibus
994 3771 1060 3819 una
1075 3775 1148 3829 cum
1177 3760 1311 3830 Kbocar

193 3851 386 3936 assignaret.
419 3850 480 3916 His
496 3851 655 3942 ,omnibus
681 3852 826 3921 iudiciali
851 3859 1054 3944 'auctoritate
1079 3866 1253 3952 expeditis,
1279 3881 1311 3938 et

193 3960 340 4047 partibus
357 3960 428 4026 sine
443 3959 557 4042 aliqua
573 3960 834 4030 contradiceione
850 3965 1134 4049 acquiescentibus
1148 3975 1309 4046 Abbatem
1387 3981 1388 3985 ’

192 4063 334 4156 V(riam)
366 4069 481 4134 Sancti
504 4068 637 4134 Martini
662 4088 720 4153 per
745 4069 871 4140 fidelem
898 4073 1042 4144 nostrum
1059 4082 1248 4165 magistrum
1263 4089 1307 4156 M.

193 4178 297 4244 nirom
312 4177 490 4244 discretum
505 4177 648 4244 nobilem
664 4185 697 4244 et
712 4179 881 4248 honestum
909 4201 949 4248 en
973 4190 1168 4272 geneologia
1194 4192 1307 4260 Geuri·

195 4285 266 4354 ensi
281 4293 385 4352 ortum
399 4287 434 4352 in
449 4289 651 4372 corporalem
665 4288 811 4357 misimus
831 4291 1091 4380 possessionem
1114 4305 1214 4366 totam
1246 4308 1306 4369 ter-

192 4413 262 4462 ram
278 4393 370 4483 illam
386 4392 466 4462 Sala
481 4415 541 4480 per
565 4401 665 4464 toturn
691 4395 819 4464 circuiri
845 4405 877 4464 et
901 4401 997 4466 certis
1021 4403 1116 4470 metis
1135 4409 1305 4500 'gradatim

190 4501 331 4587 undique
362 4505 517 4585 grauibus
544 4512 575 4572 et
597 4507 691 4573 bonis
722 4507 763 4578 do
792 4505 913 4576 uicinia
953 4512 1157 4595 presentibus
1188 4521 1304 4586 metari

190 4609 321 4688 &miter
338 4611 556 4698 precipientes
572 4613 688 4693 cidem.
712 4615 763 4684 Ibi
779 4623 890 4684 antem
914 4619 1074 4708 particula
1099 4629 1185 4691 terre
1210 4645 1301 4722 sepe·
