3214 5066
658 307 818 416 El..

183 469 419 573 moenem
433 499 554 564 merrom
566 499 719 646 scfffcrscg
731 501 936 575 lovcrttrtbm.
956 507 1027 567 vo.
1047 509 1206 584 neptreco.
1219 512 1308 588 Dipl.

626 632 632 646 .
652 593 709 649 sss.
731 595 756 652 s.
775 613 796 649 r.
818 595 861 650 so.
881 594 923 670 r).

627 853 845 866 *n—

630 1137 633 1145 '
708 1137 784 1204 127.

189 1317 282 1383 Urr'oo
297 1315 526 1402 paucorrbolmc'
546 1318 778 1383 scoot-mortedi
798 1298 875 1408 opdt
906 1318 1056 1386 rcudelctc
1094 1343 1132 1386 oz
1165 1329 1298 1414 apdisdp

213 1423 530 1512 bertolcciazouyairdl,
547 1425 657 1514 nrvclyet
673 1426 721 1491 Π.
736 1425 846 1491 Endre
861 1427 967 1513 kirtly
982 1431 1151 1516 mepc‘rdatt.
1168 1434 1266 1496 1226.

288 1603 326 1670 In
342 1603 481 1672 Nomine
497 1605 618 1672 Sancte
633 1605 803 1674 Trinitatis
823 1612 856 1672 ct
870 1605 1040 1681 Indiuidue
1056 1609 1206 1677 Vnitatis.
1230 1612 1295 1680 An·

155 1693 158 1710 ¹
180 1711 278 1781 dreas
293 1713 356 1781 Dei
370 1714 478 1800 gralia
492 1707 669 1798 Hungarie‚
695 1712 876 1798 Dalmacie,
904 1714 1073 1801 Chromis,
1095 1718 1207 1802 Rome
1224 1720 1298 1788 Ser-

181 1821 245 1907 uie,
262 1819 400 1907 Gelicie,
417 1821 761 1906 Lodomerieqoe'Rex
785 1822 819 1887 in
843 1827 1041 1907 perpetuum.
1080 1824 1160 1892 Gom
1183 1824 1227 1892 cd
1250 1827 1297 1894 vl·
1320 1827 1322 1832 '

181 1929 259 1996 time
275 1929 449 1996 voluntatis
465 1929 674 1998 stabilitatem
699 1929 835 2014 prouida
858 1931 1034 2016 disposicio
1050 1932 1094 1998 sit
1108 1932 1298 2001 necessaria
1359 1913 1362 1918 ⁵

181 2043 214 2104 et
229 2035 335 2106 omnis
350 2037 576 2122 disposicionis
592 2035 796 2104 confirmacio
823 2036 866 2102 ad
886 2039 987 2124 Regia
1003 2039 1186 2108 Maiestatis
1201 2041 1298 2126 perti·

180 2151 257 2212 neat
274 2142 435 2229 officium,
460 2145 664 2237 presentibus
690 2150 723 2210 et
745 2144 886 2230 posteris
911 2152 1022 2212 notum
1039 2148 1294 2220 essevolumus:

181 2252 276 2334 Quod
300 2254 461 2322 accedens
486 2251 529 2318 ad
552 2259 694 2320 nostram
720 2252 922 2338 presenciam
947 2251 1052 2322 fidelis
1077 2261 1185 2322 noster
1200 2253 1297 2342 Uros‚
1349 2259 1352 2264 '

167 2361 294 2430 'Abbas
320 2361 432 2427 Sancti
457 2357 590 2426 Martini
614 2360 655 2426 de
681 2358 784 2428 Sacro
807 2347 917 2427 Monte
932 2361 1098 2430 Pannonis
1113 2363 1206 2432 nobis
1222 2363 1297 2430 inti·

183 2470 283 2538 mauit
292 2519 301 2554 ‚
328 2471 412 2553 quod
436 2467 573 2552 quedam
590 2466 630 2534 de
646 2466 741 2534 bonis
756 2467 903 2536 Ecclesia
919 2489 978 2554 per
993 2470 1099 2557 ipsum
1125 2468 1297 2556 acquisitis

182 2577 225 2646 sd
239 2593 385 2658 mensam
401 2575 534 2644 fratrum
550 2595 690 2660 suorum,
716 2581 749 2641 et
764 2575 807 2642 ad
822 2577 1095 2660 sustentationem
1110 2597 1296 2666 pauperum,

172 2693 214 2754 et
229 2688 274 2754 ad
288 2684 459 2755 luminaris
474 2683 662 2755 monasterii
675 2692 744 2752 tam
758 2704 818 2771 per
835 2685 920 2754 diem
929 2735 938 2770 ‚
965 2705 1062 2770 quam
1086 2705 1145 2774 per
1169 2694 1304 2758 noctem

183 2815 344 2864 consensu
360 2799 393 2860 et
408 2794 543 2863 consilio
559 2793 695 2860 fratrum
711 2812 842 2862 suorum
867 2796 1103 2881 disposuisset,
1126 2797 1306 2884 postulans*

183 2903 324 2994 anobis,
341 2901 429 2988 quod
443 2921 503 2968 nos
518 2900 771 2986 disposicionem
790 2919 848 2988 per
863 2903 969 2989 ipsum
985 2903 1104 2972 tactam
1119 2887 1222 2992 Regis
1237 2905 1296 2972 Se·

167 3014 331 3082 renitatis
347 3011 520 3099 priuilegio
541 3011 811 3080 confirmaremus.
842 3013 912 3082 Nos
927 3013 1024 3101 igitur
1039 3014 1133 3082 iustis
1148 3021 1181 3082 et
1195 3013 1295 3082 bonc-

183 3124 244 3190 stis
257 3121 474 3208 peticionibus
498 3120 600 3204 ipsius
623 3120 836 3212 fauorabilem
860 3123 1034 3208 prebentes
1049 3131 1229 3208 assensum,
1246 3140 1294 3188 se

182 3233 264 3298 riem
280 3229 511 3316 disposicionis
527 3248 585 3298 sue
601 3229 763 3315 priuilegii
778 3231 1066 3300 uostrimunimine
1076 3230 1212 3298 fecimus
1222 3248 1295 3297 con·

182 3337 313 3422 firmari,
330 3336 422 3404 ouius
437 3337 666 3424 disposicionis
682 3337 785 3404 series
800 3336 862 3404 heo
877 3344 945 3404 est:

287 3447 359 3531 Ego
377 3445 464 3516 Uros
478 3445 584 3514 dictus
608 3445 720 3514 Abbas
737 3444 850 3512 Sancti
864 3445 996 3518 Martini
1011 3443 1052 3512 dc
1067 3445 1169 3512 Sacro
1185 3445 1296 3514 Monte

181 3556 350 3626 Pannonis
371 3553 558 3622 vicesimum
574 3574 692 3622 anuum
707 3571 824 3638 gerens
839 3551 872 3618 in
889 3550 1197 3636 administratione,
1220 3551 1297 3647 licet

180 3665 334 3751 indignus
349 3669 459 3730 nmen
473 3663 645 3732 elaborans
661 3669 694 3730 et
709 3660 900 3730 desiderans
914 3661 948 3728 in
964 3659 1099 3729 edificiis
1109 3661 1297 3730 monasterii

182 3782 216 3842 et
231 3771 464 3843 officionalium
474 3773 652 3857 domorum,
664 3789 727 3856 quc
743 3771 911 3841 combusta
927 3777 959 3838 et
976 3771 1296 3840 destructatotelitcr

182 3889 298 3965 eraut,
323 3879 547 3950 reedificandis
570 3881 652 3950 satis
677 3879 867 3967 proficiens,
893 3879 1040 3948 similiter
1056 3885 1089 3947 et
1103 3877 1296 3966 inpluribus

181 3992 328 4079 negociis
353 3995 385 4056 et
409 3990 517 4056 causis
540 3989 743 4074 requirendis
770 3989 1052 4076 ctjpronouonois
1073 3985 1295 4066 cumconsilio
1340 4007 1343 4014 ¹

181 4109 215 4168 et
230 4096 355 4168 auxilio
371 4105 405 4166 et
420 4116 585 4184 consensu,
594 4097 730 4166 tracum
745 4116 888 4166 meorum
903 4098 976 4184 plus
992 4115 1088 4180 quam
1099 4115 1210 4165 omnes
1225 4113 1296 4182 prc-
1375 4125 1381 4148 ι

171 4211 372 4279 decessores
397 4209 480 4292 mei,
505 4206 559 4291 qui
579 4205 718 4274 luissent
733 4227 755 4272 a
770 4211 914 4292 tempore
929 4206 1042 4272 Sancti
1057 4201 1214 4290 Stephani
1228 4203 1295 4271 Re-

181 4321 243 4406 gis,
260 4317 344 4386 sicut
359 4321 498 4404 apparet
511 4303 570 4403 per
584 4312 757 4402 priuilegia
773 4320 806 4380 et
819 4313 943 4400 predia,
965 4331 1028 4398 que
1043 4317 1117 4380 suut
1131 4311 1296 4398 acquisita

181 4429 235 4496 vol
252 4431 365 4513 empta
378 4425 432 4492 vel
446 4429 635 4510 recuperata
650 4429 795 4508 tempore
810 4426 939 4506 nostro;
964 4420 1089 4488 scilicet
1113 4419 1294 4507 priuilegia,

184 4557 246 4622 que
261 4536 423 4622 acquisiui
437 4555 496 4621 pro
517 4533 720 4602 libertatibus
736 4538 769 4602 et
783 4530 1035 4600 immunitatibus
1051 4534 1084 4596 et
1100 4546 1295 4598 conseruan-

183 4645 235 4715 dis
249 4647 349 4716 rebus
364 4643 532 4730 ldcclcsie'²
558 4642 762 4731 priuilegium
781 4637 909 4710 Domini
924 4638 1111 4708 innocencii
1125 4637 1237 4724 tercii,
1260 4642 1294 4706 et
