3234 5072
830 373 987 480 *ss-

350 579 506 649 venerunt
521 585 599 660 ergo
614 573 648 640 in
661 573 732 657 hoc,
749 577 784 638 nt
800 573 833 640 in
857 571 927 640 loco
950 579 983 640 et
1008 570 1108 640 londo
1139 573 1195 657 qui
1219 569 1336 638 dicitnr
1369 569 1463 656 Rois,
1603 617 1604 634 t

349 702 445 769 quem
460 679 638 770 preterfluit
654 681 743 748 Eous
758 678 885 766 fluvius,
902 681 957 764 qui
973 685 1022 749 est
1036 681 1070 748 in
1085 680 1246 748 Comitutu
1261 681 1387 749 Arnolfi
1403 679 1464 749 (lo-
1603 689 1604 696 ’

349 792 445 876 mitis,
462 791 694 858 Monestorium
709 794 942 870 construerent,
958 789 1066 874 ibique
1080 789 1256 858 monachos
1274 787 1346 861 De'o
1362 791 1467 859 ismu-

350 903 458 968 lsntes
474 903 700 986 aggregarent
724 896 854 966 Placuit
867 897 930 964 hoc
944 893 1020 982 filio,
1040 897 1163 983 placuit
1178 897 1280 984 numi,
1298 899 1464 984 simulque

349 1007 621 1094 comparentibus
638 1003 681 1072 ed
696 1002 802 1074 altare
827 1005 1017 1074 Sanctorum
1033 1005 1151 1072 Morini
1167 1011 1200 1074 et
1216 1005 1335 1074 Anisni
1350 1027 1463 1094 prooe-

348 1117 466 1184 dentes
480 1115 682 1182 tradiderunt
696 1113 766 1182 Deo
783 1120 816 1180 et
831 1114 960 1182 Sanctis
977 1115 1057 1198 eins,
1074 1113 1228 1200 quidquid
1238 1115 1272 1182 in
1282 1117 1395 1202 Regno
1410 1135 1466 1183 no·

349 1227 418 1291 stro
429 1223 650 1312 possederunt,
666 1225 696 1291 si
711 1223 835 1307 ubsque
848 1222 961 1290 liberis
977 1223 1104 1290 obirent
1105 1271 1219 1290 .....
1244 1224 1330 1291 Rots
1350 1225 1383 1290 in
1400 1244 1466 1309 qno

353 1333 581 1400 monesterium
607 1349 678 1397 cum
699 1331 859 1415 ecclesiis,
886 1333 1032 1400 terminis
1048 1339 1081 1401 et
1096 1330 1302 1417 appendiciis
1317 1335 1386 1402 suis
1403 1339 1464 1400 cto.

351 1441 465 1506 ...In
481 1439 626 1507 Merchie
637 1440 733 1525 juxte
755 1439 882 1508 Rubem
908 1437 1040 1506 fluvium
1070 1438 1274 1526 Chuniborge
1300 1459 1375 1526 ¹cum
1404 1447 1477 1510 ter-¹

350 1529 445 1615 minis
463 1555 496 1614 et
512 1547 720 1634 appendiciis.
745 1549 783 1614 Iu
811 1547 934 1616 oriente
964 1549 1175 1634 Breitenowe,
1192 1548 1371 1635 Suoruuho,
1387 1549 1464 1619 Lui·

349 1653 593 1742 prenoscere,
625 1654 845 1741 Snozlndorff,
877 1654 1204 1724 Hederischoewerde
1226 1662 1327 1745 justo
1351 1659 1463 1724 Donec

350 1765 432 1830 &um
463 1789 569 1832 cerem
601 1767 821 1854 Hocqceicm,
853 1763 954 1832 Vislte
986 1763 1208 1853 hegemonio,
1235 1766 1464 1835 Chrumbinun-

348 1875 486 1941 bwoene
501 1893 573 1940 curn
588 1873 732 1942 terminis
748 1877 781 1942 ct
795 1873 1000 1960 appenditiis
1015 1875 1092 1941 suis.
1104 1879 1165 1942 etc.
1180 1879 1240 1940 otc.
1251 1874 1320 1941 Hoc
1336 1895 1412 1960 ergo
1428 1883 1465 1942 ut

347 1981 479 2051 firmiter
501 1987 651 2050 teneatur
667 2029 674 2046 .
692 1989 924 2068 ..presentem
954 1985 1085 2049 nostres
1115 1981 1353 2050 constitutionis
1369 1985 1463 2072 pegi-

346 2091 519 2159 reminds
546 2089 707 2157 conscribi
734 2089 880 2158 lecimus
918 2090 1083 2175 nostrique
1115 2090 1217 2175 sigilli
1247 2091 1461 2179 impressione

346 2219 472 2268 muurn.

453 2305 586 2392 Signum
601 2303 720 2374 domini
736 2305 882 2374 Heinrici
905 2308 1004 2392 Regis
1031 2307 1245 2376 invictissimi
1275 2307 1462 2394 Egilbertus

349 2414 571 2484 Cancellcrius
604 2411 676 2479 rice
709 2412 871 2502 willegisi
895 2412 1156 2501 Archicepellsni
1180 2417 1376 2504 recognovit.
1394 2417 1460 2484 Dc

347 2531 414 2590 tum
438 2521 532 2590 nonis
557 2521 645 2609 Sept.
672 2541 756 2590 anuo
786 2522 977 2592 Dominicce
1006 2525 1243 2594 Incernstionis
1259 2525 1461 2594 ltnxxffll.

347 2631 451 2700 Indict
466 2630 524 2697 XI.
541 2651 627 2698 anno
642 2635 748 2700 summ
772 2629 877 2724 Regni
902 2630 1033 2698 Henrici
1047 2631 1123 2698 XX.
1140 2638 1247 2700 ectum
1262 2633 1461 2704 Retisbonee

348 2737 486 2805 feliciter
509 2738 632 2824 Amen5
654 2737 860 2826 praesidente
875 2739 998 2806 Romse
1013 2739 1234 2827 Apostolicem
1249 2739 1367 2810 Sedcm
1382 2742 1460 2812 Gne

348 2845 439 2932 gorio
458 2843 526 2912 vn„
541 2845 644 2929 quiet
658 2843 881 2932 Hiltprundus.

383 3056 591 3130 (Meicnolbcek
608 3057 686 3130 utin,
705 3057 833 3116 Historia
850 3059 1050 3132 Frisingensis‚
1071 3060 1093 3117 Ι.
1112 3060 1170 3118 kor.
1190 3062 1253 3120 264.
1272 3063 1294 3120 l·
1314 3063 1415 3136 Unel).

771 3336 1014 3353 -—--⁶—-

345 3759 493 3830 Samoou
514 3761 621 3847 kirtly
642 3760 817 3848 udomotcyo
838 3783 860 3825 a
874 3759 1012 3848 srioiogt'
1034 3759 1148 3848 cgyldz
1170 3765 1324 3848 scdmdrc,
1348 3763 1456 3854 meiyst

452 3869 471 3934 1
477 3867 512 3935 V.
535 3867 657 3933 Hecrik
678 3869 888 3935 rotroci-comet
912 3873 1035 3934 csdszdr
1056 3871 1225 3956 mouereris
1250 3872 1348 3968 tote.

453 4047 492 4114 In
507 4045 635 4114 nomine
651 4047 793 4115 Sanctus
804 4055 836 4116 et
846 4047 1037 4117 Indiuiduee
1047 4046 1383 4133 Trinituts,Henricus
1398 4049 1455 4118 Di-

345 4155 421 4224 vina
436 4155 567 4224 ferente
583 4153 764 4223 clementia
779 4157 858 4242 Rex,
881 4153 1036 4224 Omnibus
1061 4157 1181 4224 Christi
1205 4159 1390 4242 nostrisque
1415 4157 1451 4224 fi·

345 4261 473 4332 delibus
488 4269 555 4358 tem
571 4261 688 4331 lutuno
703 4281 799 4348 quem
814 4265 1040 4353 praesentibus
1055 4271 1164 4334 notum
1188 4285 1263 4335 esse
1287 4267 1453 4334 uolumus:

346 4369 484 4453 qualiter
506 4391 566 4438 nos
589 4371 624 4438 in
653 4373 842 4456 praesentio
857 4373 1041 4460 Principum
1057 4379 1239 4441 nostrornm
1269 4371 1456 4442 (lebehsrdi

345 4475 594 4564 Seluburgen‘sis
623 4479 877 4568 Archiepiscopi,
902 4477 1029 4550 Ottonis
1053 4483 1310 4570 Rstisponensis
1340 4479 1454 4549 Wille·

343 4585 443 4654 holmi
457 4585 678 4672 Treiectonsis
694 4588 938 4676 Episcoporurn,
952 4589 1072 4679 Welph
1087 4590 1189 4661 Ducis
1207 4592 1453 4676 Beuusriorum,
1536 4625 1540 4633 2

346 4701 587 4783 ceterorumque
610 4695 750 4768 fidelium
773 4704 952 4770 nostrorum
977 4720 1018 4769 ox
1032 4701 1178 4790 praedio,
1194 4702 1280 4794 quod
1295 4701 1451 4775 Salomon
