3214 5066
368 953 433 1020 ΙΙΙ.
451 951 609 1020 Honorias
621 956 709 1040 pulpa
724 973 745 1018 a
758 951 942 1039 aapylrabai
957 949 1039 1017 tiaed
1053 949 1187 1038 ttpytbeu
1201 949 1389 1016 sabbate.
1414 1010 1421 1023 ,

437 1095 439 1100 ·
824 1061 922 1126 1218.

430 1237 590 1306 Honorius
609 1238 789 1326 Episcopus
805 1257 920 1306 seruus
935 1257 1098 1306 seruorum
1109 1235 1181 1304 Dei.
1197 1235 1334 1304 Dileotis
1350 1235 1435 1304 tiliis.

325 1344 539 1430 Strigoniensi
554 1353 586 1412 et
600 1346 767 1414 lauriensi
781 1347 976 1433 Proposita,
994 1353 1064 1414 et..
1095 1345 1332 1414 Arehidiaeouo
1356 1345 1436 1413 Jun-

323 1452 424 1520 riensi
440 1454 577 1520 salutem
601 1461 634 1520 et
657 1456 881 1540 Apostolioam
907 1455 1171 1530 benedictionem.
1203 1454 1254 1520 Ex
1267 1459 1362 1540 parte
1387 1455 1436 1520 di·

324 1561 478 1628 leetornrn
495 1560 631 1629 tiliorum
640 1563 778 1631 Abbatis
795 1568 827 1630 et
838 1563 1021 1631 Conuentus
1031 1563 1144 1630 Sanoti
1156 1561 1286 1628 Martini
1301 1559 1435 1630 dePan-

325 1669 423 1736 nunia
438 1670 531 1736 nobis
548 1677 597 1738 est
612 1670 722 1739 oblatu
738 1673 871 1757 querela
880 1723 889 1757 ‚
917 1671 1002 1758 quod
1017 1673 1153 1759 populos
1169 1669 1378 1738 Bissenorum
1395 1667 1436 1735 de

324 1779 403 1846 nilla
427 1777 588 1864 Nogholm
613 1779 863 1864 Vesprimiensis
888 1779 1048 1847 dioeoesis
1074 1779 1216 1846 decimas
1237 1776 1305 1844 uini
1319 1778 1364 1844 ad
1379 1795 1436 1844 eos

325 1885 367 1952 de
382 1885 450 1950 iure
465 1891 651 1971 speetantes
666 1893 780 1955 eontra
795 1887 952 1956 iustitiam
967 1885 1130 1972 detinent,
1155 1891 1188 1950 et
1212 1883 1347 1952 reddere
1362 1903 1437 1950 oon-

325 1992 494 2062 tradiount.
521 1994 662 2079 Ideoque
688 1997 877 2065 discretioni
901 2002 1007 2062 uestre
1030 2014 1088 2080 per
1108 1992 1298 2079 Apostoliea
1313 1993 1436 2078 seripta

326 2100 533 2186 mandamus,
559 2104 708 2185 quatinus
732 2105 877 2188 partibus
895 2103 1081 2170 conuocatis
1097 2099 1237 2168 audiatis
1254 2118 1388 2166 oausam
1405 2107 1438 2166 et

326 2211 546 2294 appellatione
562 2219 686 2280 remota
701 2213 763 2280 tine
779 2213 887 2281 debito
903 2211 1092 2298 terminetis,
1103 2211 1261 2279 iacientes
1278 2209 1364 2294 quod
1381 2206 1434 2275 de·

231 2331 235 2338 ·
326 2317 492 2386 creueritis
508 2337 566 2402 per
582 2339 750 2388 eeusuram
766 2321 1023 2395 ecelesiasticam
1038 2319 1171 2385 firmiter
1186 2318 1363 2385 obseruari.
1373 2316 1437 2382 'Pe-

327 2431 395 2494 stes
411 2432 519 2494 antem
536 2429 589 2510 qui
604 2427 722 2496 luerint
740 2430 915 2513 nominati,
931 2431 965 2496 'si
981 2449 1018 2496 se
1031 2427 1147 2514 gratia,
1164 2429 1239 2495 odio
1255 2427 1307 2492 uel
1322 2423 1438 2491 timore

327 2533 555 2619 subtraxerint,
572 2556 708 2604 censura
723 2537 820 2604 simili
835 2537 1057 2625 appellatione
1073 2541 1225 2604 oessuute
1242 2533 1367 2618 cogatis
1383 2549 1435 2595 ne-

328 2639 417 2707 ritati
440 2643 654 2710 testimonium
679 2645 861 2731 perhibere.
892 2644 986 2722 Quod
1012 2647 1041 2714 si
1063 2665 1127 2712 nou
1152 2661 1262 2710 omnes
1282 2639 1346 2725 hijs
1363 2660 1437 2707 exe·

330 2747 467 2832 quendis
483 2752 651 2836 potueritis
668 2753 835 2836 interesse,
846 2752 908 2821 duo
920 2760 1060 2821 nestrum
1071 2773 1112 2819 ea
1121 2749 1347 2818 nichilominus
1364 2765 1437 2813 exe-

329 2863 477 2938 quentur.
508 2857 627 2926 Datum
648 2861 808 2929 Laterani
832 2861 888 2928 IX.
915 2862 988 2928 Kal.
1014 2859 1204 2929 Decembris
1227 2853 1436 2925 Pontifieatus

329 2965 431 3030 nostri
447 2983 532 3034 anno
548 2967 657 3034 teroio.

504 3143 654 3210 (Ersdetie
666 3161 682 3200 a
696 3161 736 3200 ez.
750 3141 869 3202 mdrtoui
883 3142 1033 3217 idepdtedg
1044 3141 1267 3216 leudltdrdben.)
1356 3165 1358 3170 ·
