3214 5072
769 255 920 356 jo„

291 456 377 527 Stati
394 451 548 540 generali.
572 451 634 517 Nel
649 457 735 518 resto
751 450 805 518 del
821 451 1015 516 documento
1041 469 1105 516 non
1120 449 1148 516 si
1162 449 1314 532 leggono,
1341 446 1403 513 clre

185 615 187 620 .
291 565 322 630 le
338 557 586 648 giustificuzioni
601 560 656 626 dcl
673 559 721 624 Re
745 561 832 626 sulla
860 569 998 645 passcto
1023 557 1180 624 condotta
1204 575 1263 646 per
1287 556 1407 622 render

290 671 466 754 tranquilla
481 669 515 736 la
530 665 710 752 Republica
724 687 765 734 ne
782 669 855 734 suoi
871 668 1022 754 sospctti,
1039 685 1057 730 e
1074 668 1148 732 vicu
1165 665 1319 732 concluso
1345 681 1429 728 con-

292 785 406 864 queste
421 777 537 862 parole
553 775 616 844 stb.
633 775 713 842 mint
731 777 783 842 12.
800 794 843 844 su.
862 773 909 862 s.)

509 966 613 1040 (Murio
625 968 713 1026 Antsl
727 968 803 1038 utin,
817 945 924 1026 inszott
936 969 1048 1040 helpen.
1063 969 1170 1036 cuci).
1285 981 1288 986 ·

825 1409 879 1474 lt.

294 1585 422 1651 Brucla
447 1587 580 1675 uzipetes
603 1586 815 1652 Sztuniszlcm'
843 1585 905 1650 Vid
929 1607 950 1647 a
975 1562 1189 1649 strmoeeuniclri
1213 1607 1256 1648 cz.
1287 1581 1413 1670 Gyt'rpy

511 1691 740 1780 templomctnalt
759 1691 849 1756 uellet
865 1691 1065 1776 adomdopoz.
1085 1691 1183 1754 1111.

400 1873 437 1938 In
453 1871 583 1938 nomine
598 1871 706 1938 Patris
723 1877 756 1936 et
771 1870 857 1954 Filii,
884 1874 916 1936 et
931 1869 1070 1952 Spiritus
1096 1866 1209 1934 Sancti
1236 1867 1349 1933 Amen.
1376 1868 1407 1932 A

294 1979 465 2046 natiuitute
479 1978 609 2046 Domini
624 1981 727 2046 nostri
742 1979 822 2045 lesu
846 1976 967 2044 Christi
984 1977 1079 2041 1111.
1111 1977 1164 2041 (lic
1190 1977 1246 2042 2-a
1262 1977 1411 2043 annorii

294 2095 450 2171 regnante
467 2085 595 2156 domino
611 2095 721 2154 nostro
739 2085 952 2156 Serenissimo
977 2085 1175 2152 Golomanno
1202 2085 1294 2170 Rege
1319 2084 1407 2150 Hon-

295 2197 397 2283 gsrie,
414 2200 448 2262 et
462 2195 496 2260 in
512 2196 734 2281 spiritualibus
751 2193 938 2260 dominante
955 2191 1136 2260 venerabili
1152 2193 1222 2258 viro
1251 2193 1407 2260 (trescen-

295 2303 341 2369 tio
357 2302 615 2388 Archiepiscopo
632 2303 771 2388 Spalati,
787 2322 914 2369 necnon
944 2302 1143 2386 gubernante
1168 2299 1311 2386 glorioso
1337 2301 1408 2366 Ste-

296 2409 407 2494 phsuo
424 2409 548 2476 comite
572 2410 689 2476 Braeie
715 2429 786 2476 oum
811 2411 879 2476 suis
899 2409 1064 2496 judicibus
1088 2408 1269 2476 deovuno
1295 2409 1414 2475 Slsvo·

298 2519 394 2603 gusti,
420 2525 454 2584 et
477 2520 599 2585 Ioanne
623 2517 769 2586 Matthie.
793 2519 910 2584 Actum
933 2524 967 2584 ct
991 2517 1116 2586 suerum
1147 2520 1180 2585 iu
1212 2517 1413 2584 concellaria

298 2619 484 2694 Communis
499 2627 634 2713 Brscie3
658 2627 751 2694 stibi
767 2647 875 2694 coram
895 2625 1058 2694 nobilibus
1082 2627 1161 2692 uiris
1177 2625 1330 2711 'Georgio
1355 2625 1411 2692 Ju-

297 2733 428 2815 rierich,
445 2733 611 2820 Cypriane
629 2735 802 2804 Pobrinioh
818 2735 942 2802 stallis
967 2733 1134 2802 nobilibus
1150 2735 1268 2802 Brocie
1284 2753 1414 2818 compe-

299 2845 362 2910 ruit
387 2843 479 2908 Vltus
496 2843 683 2928 Stanisluri,
700 2845 755 2927 qui
779 2863 838 2929 per
863 2841 1008 2908 nuditum
1034 2861 1236 2908 communem
1261 2844 1413 2910 senciens

302 2951 475 3036 quomdam
490 2959 769 3020 terrsmvocotsm
784 2952 955 3020 Starmene
969 2951 1089 3018 Prodol
1099 2954 1263 3038 pertinere
1274 2952 1414 3019 ecclesie

299 3061 332 3128 S.
349 3059 467 3144 Georgi
482 3057 523 3124 de
539 3059 763 3144 Stusxeunich,
779 3059 870 3126 illem
893 3068 1009 3146 sponte
1025 3060 1094 3143 dot,
1110 3068 1143 3126 ct
1158 3063 1286 3127 relaxet
1301 3062 1413 3128 Eccle-

300 3170 365 3252 sie;
389 3167 476 3251 qnod
492 3168 601 3234 sinon
617 3167 885 3250 ineritEcclesie,
902 3167 964 3233 erit
977 3188 1035 3252 pro
1052 3168 1161 3234 animo
1178 3187 1239 3235 sna
1276 3176 1308 3236 et
1342 3189 1411 3236 suo·

181 3305 184 3326 ι
299 3294 379 3360 rum,
396 3276 508 3345 uolens
524 3283 559 3341 ut
573 3294 701 3361 semper
717 3277 790 3361 ipsu
806 3276 850 3343 sit
870 3277 1018 3344 Ecclesio
1043 3279 1076 3344 in
1100 3279 1322 3346 remissionem
1339 3297 1412 3364 pec·

299 3389 443 3452 catorum
459 3402 597 3452 suorum.

405 3494 448 3560 llt
463 3513 524 3580 ego
551 3493 742 3561 Laurentius
764 3493 849 3562 lilius
874 3493 1013 3560 Fsbiuni
1038 3493 1205 3562 Rodomiri
1231 3497 1340 3564 scribo
1364 3513 1413 3561 se-

300 3600 569 3692 cundus-scripsi,
589 3607 684 3686 prout
699 3601 870 3669 uoluerunt
884 3599 988 3689 leges,
1004 3601 1092 3670 bons
1116 3601 1179 3672 lide
1205 3603 1277 3669 sine
1301 3603 1413 3671 fraude

302 3717 335 3776 et
358 3707 444 3776 dolo.

408 3817 480 3902 Ego
496 3817 609 3882 Petrus
626 3816 666 3883 de
682 3817 819 3884 Sandris
835 3816 920 3884 lilius
946 3835 999 3884 ser
1024 3819 1199 3904 Augustini
1223 3818 1264 3884 ule
1288 3817 1413 3888 llonts·

303 3947 412 4014 guone
427 3927 516 4012 publ.
532 3925 698 4012 Imperisli
715 3928 908 3994 auctoritate
934 3929 1079 3995 notarius
1104 3936 1138 3995 et
1157 3929 1261 4013 judex
1287 3929 1413 3997 ordina-

303 4037 380 4117 rius,
395 4055 435 4102 ac
451 4035 666 4103 cancellarius
683 4035 881 4121 Spectabilis
898 4035 1019 4103 domini
1034 4039 1137 4105 Murci
1152 4037 1195 4104 de
1211 4037 1332 4105 Molino
1357 4039 1415 4106 co-

245 4196 251 4207 .
301 4145 387 4211 mitis
402 4145 541 4212 Brociue
558 4163 598 4210 ex
613 4143 677 4210 olio
693 4145 727 4209 in
741 4145 930 4217 membrana
946 4149 1107 4213 existente
1123 4146 1216 4233 apud
1246 4149 1415 4235 presbyte-

303 4269 373 4316 rum
388 4253 562 4318 Martinum
578 4251 730 4319 Curatum
749 4253 795 4320 tle
811 4255 899 4321 villis
925 4253 1078 4324 Presnioe
1095 4264 1128 4322 et
1144 4255 1366 4324 Strsxernich
1380 4255 1415 4322 li-

304 4359 422 4426 deliter
437 4357 606 4448 descripsi,
621 4361 703 4430 meis
720 4358 814 4446 signo
831 4368 864 4429 et
879 4363 1010 4429 nomine
1027 4367 1176 4450 opposui.

307 4497 456 4573 (Ciocsreli
468 4501 546 4572 utin,
560 4501 759 4561 Osserrsnioni
772 4503 839 4557 sull'
852 4502 929 4557 lsols
941 4504 1017 4560 dello
1028 4503 1147 4562 Brenno.
1166 4505 1317 4577 Velencue,
1338 4506 1415 4564 1802.

775 4595 834 4652 10⁵.
847 4593 866 4648 1.
882 4597 988 4664 fluct.)

741 4732 794 4743 -ι-
799 4733 993 4747 ..ν-..ψ-
