3214 5066
846 799 934 866 108..

323 973 355 1044 A
369 979 460 1068 ppdrs'
473 978 692 1066 laptulaaaak
707 979 851 1066 bizonpos
861 957 1059 1068 ¹adds-ccctoi
1083 983 1115 1044 ds
1137 978 1442 1050 circat-ornatam

588 1085 698 1176 ltpyrb'd
712 1087 834 1152 diodoto
850 1087 1049 1177 bizonyscipa.
1066 1089 1164 1188 Ι1222.

430 1267 467 1334 In
483 1269 613 1334 nomine
640 1262 760 1334 Sancte
783 1265 952 1334 Trinitatis
983 1274 1016 1334 et
1046 1265 1212 1336 Indiuidua
1231 1267 1382 1338 Vnitatis.
1400 1253 1494 1368 Bari

321 1374 385 1443 Dei
400 1375 513 1470 gracia
527 1376 713 1461 Propositus
729 1373 915 1442 Gouriensis
931 1376 1076 1444 eiusdem
1092 1377 1156 1444 loci
1172 1411 1261 1427 --
1276 1379 1438 1466 omnibus,
1451 1361 1545 1412 ²⁴·'”‘'''
1558 1367 1597 1403 ‘⁹‘

324 1483 438 1566 quibus
462 1484 571 1551 littere
595 1484 656 1550 iste
679 1481 817 1570 legende
843 1487 1040 1552 occurrerint
1069 1485 1206 1554 salntem
1224 1493 1256 1554 et
1273 1489 1444 1555 oraciones

191 1625 194 1632 ·
323 1593 357 1659 in
372 1589 521 1660 Domino.
538 1593 617 1660 Cum
633 1593 742 1680 sepius
758 1593 879 1660 obliuio
894 1593 1023 1660 ueritati
1046 1592 1245 1678 aduersetur,
1257 1597 1443 1681 sagacitate

324 1702 516 1790 prudentum
526 1701 696 1792 inuentum
713 1709 774 1788 est,
791 1708 826 1768 ut
841 1721 881 1768 ea
897 1719 962 1794 qne
989 1703 1149 1770 ueraciter
1164 1703 1253 1770 laeta
1268 1709 1350 1788 sunt,
1366 1703 1444 1772 fidel

322 1809 501 1877 litterarum
516 1809 670 1877 memorie
687 1809 955 1877 commendentur.
966 1809 1050 1876 Hinc
1061 1815 1120 1896 est,
1133 1813 1219 1893 quod
1235 1811 1269 1877 in
1286 1813 1442 1880 noticiam

326 1917 465 1985 omnium
482 1917 636 1984 denenire
659 1919 817 2004 uolumus,
834 1919 920 2004 quod
935 1917 1048 1986 Abbas
1064 1917 1175 1986 Sancti
1189 1921 1321 1988 Martini
1335 1919 1369 1988 iu
1384 1943 1441 1989 uo-

322 2034 391 2094 stro
406 2025 576 2112 presencia
593 2025 783 2094 constitutus
799 2019 997 2112 protestatus
1014 2033 1064 2093 est
1072 2077 1081 2111 ‚
1099 2045 1136 2094 se
1152 2027 1270 2094 emisse
1286 2047 1306 2094 a
1322 2029 1439 2095 Ladiz-
1475 2011 1480 2022 ¹

321 2135 375 2201 lao
391 2131 456 2200 filio
472 2132 620 2200 Ladizlai
639 2154 754 2202 nonem
779 2135 912 2219 uineas,
940 2146 1022 2219 quas
1047 2133 1191 2202 habebat
1215 2135 1299 2202 inter
1323 2136 1439 2204 uineas

322 2242 487 2311 homiuum
502 2242 641 2310 Abbatis
657 2243 690 2308 in
705 2243 786 2310 uilla
803 2243 914 2329 Apatij
931 2243 964 2310 in
981 2241 1181 2328 Higmogcs,
1197 2263 1256 2328 pro
1272 2245 1305 2310 X
1319 2246 1438 2312 marcis

323 2349 461 2436 argenti,
478 2349 591 2416 eodem
607 2349 763 2418 Ladizlao
788 2350 909 2417 ibidem
927 2357 1058 2418 astante
1074 2359 1108 2419 ct
1121 2353 1183 2419 hoc
1197 2352 1245 2421 ita
1261 2371 1335 2420 esse
1350 2351 1438 2422 affir-

324 2465 444 2554 mante.
468 2457 510 2524 Et
525 2456 638 2524 codem
654 2457 707 2525 die
722 2457 754 2523 X
769 2479 897 2528 marcas
914 2458 1020 2534 eidem
1035 2459 1071 2525 L.
1087 2459 1201 2532 Abbas
1217 2479 1325 2528 coram
1340 2461 1436 2529 nobis

281 2558 285 2564 ’
322 2589 381 2657 per
396 2585 525 2634 manum
534 2567 640 2652 Hcym
655 2565 794 2635 hominis
810 2569 903 2653 Regii
919 2567 977 2634 filii
992 2567 1144 2634 Barnabe
1160 2571 1327 2655 persoluit.
1342 2569 1437 2637 vnde·

322 2677 366 2747 ad
382 2675 561 2762 peticiones
575 2673 713 2760 predicti
726 2675 865 2744 Abbatis
876 2727 885 2761 ‚
910 2683 946 2742 ut
970 2681 1062 2744 suum
1086 2675 1189 2743 sorum
1212 2677 1333 2746 firmius
1349 2687 1437 2747 stare

322 2783 437 2874 possit,
453 2783 569 2852 litteris
584 2784 684 2866 sigilli
698 2785 800 2851 nostri
817 2784 1030 2875 impressione
1045 2785 1205 2852 roboratis
1221 2784 1373 2864 adnotari
1389 2787 1436 2856 le·

326 2896 437 2964 cimus.
455 2893 549 2960 Auno
565 2893 607 2961 ab
622 2893 856 2961 Iucamacione
872 2891 1033 2980 (Domini)
1050 2891 1222 2960 Μ.ΟΟ.ΧΧ
1234 2895 1275 2960 Π.

479 3105 620 3180 (Eredetie
638 3123 656 3162 a
673 3053 884 3164 ssent-mimoni
902 3103 1050 3180 ldapdtsdg
1060 3104 1279 3176 levdltdrdban).
