3214 5066
737 335 741 340 '
848 319 911 386 176

801 413 959 422 —-—..-..-

325 515 453 584 Abbate
476 531 549 580 ac...
574 520 780 600 procmatere
804 515 906 599 partis
922 509 1074 602 [aduersa
1089 515 1123 580 in
1138 513 1251 581 dilecti
1264 515 1326 583 filii
1339 516 1442 583 nostri
1472 559 1478 568 -

326 621 379 704 G..
396 671 404 688 .
422 621 534 690 Sancti
549 618 710 688 Theodori
727 621 867 712 Diaconi
882 620 1079 704 Cardinalis,
1095 629 1171 688 tunc
1187 620 1397 708 subdiaconi,
1407 629 1441 689 et

206 799 219 830 ‚
264 761 266 783 ι
325 728 498 816 capellani
513 728 591 798 dicti
605 729 847 816 predecessoris
863 731 965 799 nostri
974 732 1140 817 presentia
1147 731 1343 816 constitutis,
1354 730 1441 800 idem

325 839 437 908 Abbas
453 861 511 926 pro
528 859 564 910 se
580 847 614 906 et
627 841 795 912 conuentu
810 860 868 909 suo
884 841 928 909 ab
945 841 1108 928 Episcopo
1121 846 1169 908 ·et
1187 839 1361 908 canonicis
1376 860 1442 908 me·

326 952 461 1016 moratis
477 949 623 1016 decimas
639 951 780 1016 omnium
795 951 921 1036 frugem
937 956 970 1016 et
985 947 1123 1021 aliarum
1137 969 1243 1049 rerum
1259 953 1345 1016 terre
1355 946 1442 1014 culte

326 1060 519 1143 auiuentis,
544 1059 717 1154 siluarum,
742 1059 990 1128 marturinorum
1000 1109 1009 1144 ,
1030 1063 1248 1145 porcorumet
1262 1061 1443 1126 ceterorum

326 1167 536 1250 animalium,
562 1175 659 1252 apum
676 1168 909 1236 attributorum
925 1187 965 1234 ae
981 1166 1191 1250 uectigalium
1206 1166 1309 1252 partis
1338 1162 1442 1230 (lomi-

290 1307 291 1312 κ
325 1280 415 1341 tatus
433 1275 636 1361 simigiensis
647 1261 735 1360 ,oue
751 1283 802 1342 est
815 1278 901 1344 ultro
915 1274 1046 1344 fluuium
1061 1275 1223 1358 Drauum,
1240 1275 1325 1342 sicut
1339 1271 1443 1359 ipsius

327 1383 465 1467 cingitur
492 1383 647 1450 limitibus
667 1385 862 1469 Comitatus,
886 1391 948 1452 ne'e
963 1406 1027 1453 non
1043 1385 1274 1452 decimationes
1290 1381 1442 1469 (lapella-

326 1511 396 1560 rum
412 1491 525 1558 Sancti
539 1493 706 1570 Bernaba,
724 1489 844 1560 Sancte
860 1494 993 1576 Crucis,
1020 1499 1053 1558 et
1068 1493 1189 1560 Sancte
1204 1489 1374 1558 Trinitatis
1401 1507 1443 1554 ex

319 1605 419 1686 ‹parte
435 1599 543 1666 castri
557 1599 763 1684 *simigiensis
779 1601 813 1666 in
829 1600 961 1668 Diccesi
976 1598 1210 1685 vesprimiensi
1234 1595 1443 1667 existentium

328 1725 399 1772 cum
414 1705 572 1777 fructibus
587 1707 750 1794 perceptis
766 1707 807 1775 ex
826 1708 894 1794 cis,
922 1709 1037 1793 quibus
1053 1709 1196 1786 fuerant,
1212 1712 1248 1772 ut
1263 1705 1442 1788 dicebatur,

325 1836 385 1903 per
409 1816 546 1884 cundem
562 1816 759 1903 Episcopum
776 1805 926 1906 spoliati,
951 1837 1022 1884 eum
1038 1815 1191 1902 expensis
1207 1834 1289 1898 quas
1306 1815 1339 1879 in
1356 1811 1443 1896 ejus·

326 1922 399 1990 dem
413 1923 641 2008 prosecutione
656 1926 779 2012 negotii
794 1919 896 2010 usque
912 1923 955 1991 ad
971 1925 1029 1991 illa
1042 1929 1188 2010 tempora
1212 1921 1358 2014 fecerant
1366 1969 1377 2002 ,
1401 1939 1444 1985 ac

326 2030 443 2098 facturi
460 2039 569 2100 essent
584 2033 618 2098 in
633 2041 815 2128 posterum,
842 2033 906 2102 sibi
921 2034 1049 2101 restitui
1063 2031 1258 2118 postulauit,
1279 2047 1374 2097 omne
1391 2029 1443 2095 ius

328 2160 420 2208 suum
444 2142 477 2207 in
501 2141 652 2209 iudicium
677 2133 884 2229 deducend03
908 2142 1114 2228 privilegium
1130 2139 1242 2208 Sancti
1256 2139 1356 2224 Regis
1371 2137 1442 2202 Ste-

326 2243 428 2333 pba'ni
437 2299 445 2332 ,
471 2255 503 2316 ct
523 2249 784 2318 confirmationes
799 2251 904 2318 felicis
920 2249 1154 2318 recordationis
1170 2245 1367 2330 Alexandri,
1384 2246 1443 2312 Vr·

327 2355 453 2422 boniet
469 2345 641 2424 ¹Clementis
657 2360 875 2455 Romanorum
899 2358 1086 2429 Pontificum
1105 2355 1371 2443 predecessorum
1386 2371 1442 2416 no-

328 2468 466 2530 strorum
489 2467 533 2562 ad
557 2465 767 2534 intentionem
793 2486 885 2534 suam
910 2464 1109 2536 fundandam
1140 2483 1237 2551 super
1267 2459 1442 2550 principali

327 2561 518 2659 producens.
535 2575 733 2640 Memoratus
759 2581 866 2642 autem
891 2581 1079 2660 procurator
1096 2593 1136 2639 ex
1151 2570 1291 2639 aduerso
1307 2589 1441 2654 respon·

328 2681 409 2748 dens
433 2681 610 2768 proposuit,
628 2681 823 2768 Episcopum
848 2682 1068 2768 supradictum
1086 2682 1229 2774 decimas
1244 2684 1442 2746 memoratas
1460 2693 1464 2702 ’

328 2791 519 2858 inconcusse
534 2789 654 2858 diutius
679 2791 886 2876 possedisse,
912 2811 1065 2884 asserens
1088 2788 1332 2870 nichilominus,
1357 2783 1442 2870 quod

329 2893 419 2966 dicta
433 2918 520 2986 pars,
536 2919 599 2982 que
614 2901 700 2965 ultra
717 2901 861 2967 Drausm
878 2901 1013 2983 exsistit,
1034 2905 1180 2986 tempore
1195 2895 1264 2962 dati
1278 2891 1442 2992 priuilegij

329 3007 370 3074 de
386 3008 548 3077 Comitstu
563 3030 627 3076 non
643 3008 758 3076 luisset
772 3011 896 3094 eodem,
911 3017 945 3076 et
960 3009 1048 3093 quod
1063 3007 1209 3101 predicte
1222 3004 1441 3092 (tapetiaque

329 3116 417 3184 circa
439 3115 585 3184 Drauam
611 3125 704 3184 eraut
727 3138 799 3184 cum
823 3118 1047 3204 parrochianis
1063 3117 1130 3184 suis
1146 3123 1256 3184 essent
1270 3113 1305 3180 in
1320 3111 1439 3194 sagra

244 3290 245 3295 ,
328 3223 434 3290 bieusi
449 3224 582 3291 Diocesi
599 3227 791 3309 constitute,
811 3245 874 3309 que
890 3225 999 3293 omnia
1013 3225 1129 3293 obtulit
1143 3243 1180 3292 se
1195 3231 1271 3291 tunc
1286 3217 1440 3306 temporis

328 3333 548 3420 probaturum.
581 3331 673 3400 Vnde
689 3333 854 3420 sepefatus
870 3335 1083 3420 predecessor
1092 3340 1211 3416 noster,
1229 3351 1301 3399 euru
1316 3349 1375 3416 per
1391 3347 1442 3393 ss·
1459 3405 1462 3408 ,

330 3443 501 3510 sectionem
525 3461 635 3510 eorum
658 3429 720 3512 sibi
745 3443 786 3509 de
810 3463 909 3511 cause
934 3441 1056 3509 meritis
1082 3443 1211 3527 plenius
1236 3440 1359 3523 liquere
1377 3457 1442 3504 non

329 3559 450 3635 posset,
466 3551 646 3618 venerabili
660 3553 755 3619 fratri
769 3560 878 3619 nostro
895 3551 1061 3619 Waciensi
1075 3551 1240 3637 Episcopo
1257 3557 1291 3616 et
1306 3547 1442 3633 collegis
1501 3585 1504 3593 ·

330 3659 397 3725 suis
412 3677 543 3726 causam
559 3657 697 3726 eandem
713 3661 873 3728 commisit
896 3660 960 3726 fine
985 3659 1096 3727 debito
1112 3655 1359 3726 terminandam.
1375 3657 1442 3723 Vc·

272 3751 273 3756 ἵ
330 3785 399 3834 rum
415 3785 486 3833 curu
500 3765 623 3834 iudices
639 3767 793 3848 nominati
816 3775 883 3834 tum
907 3774 1038 3854 propter
1052 3767 1155 3854 ipsius
1172 3765 1292 3833 obitum
1309 3751 1442 3832 manda-

330 3875 420 3955 toris,
442 3881 509 3941 tum
523 3883 656 3962 propter
671 3875 756 3942 alias
773 3897 890 3944 causas
906 3878 1101 3963 multiplices
1117 3878 1151 3943 in
1166 3876 1296 3960 negotio
1311 3871 1442 3940 minime

330 3983 544 4069 procederent
561 3991 758 4052 memorato:
785 4005 845 4053 nos
861 3985 904 4051 ad
919 3986 1108 4054 instantiam
1125 3982 1263 4052 Abbatis
1278 3981 1441 4067 prefati...

330 4091 498 4180 Prepesito
515 4098 547 4159 et
603 4095 666 4160 S...
683 4094 915 4182 vesprimiensi
938 4099 970 4160 et
990 4143 1021 4168 ,..
1037 4094 1174 4162 Albensi
1188 4075 1442 4178 Vesprimieusis

330 4203 480 4270 Diocesis
504 4203 752 4270 Archidieconis
775 4205 893 4278 nostris
918 4203 1065 4270 dedimus
1089 4201 1205 4269 litteris
1220 4203 1254 4268 in
1270 4199 1444 4282 mandatis,

332 4315 367 4376 ut
381 4329 478 4397 super
493 4311 555 4404 hoc
571 4317 603 4378 et
617 4313 691 4379 aliis
707 4313 848 4398 negotiis
864 4313 931 4380 suis
948 4334 969 4380 a
984 4312 1069 4380 dicto
1085 4309 1316 4398 predecessore
1330 4316 1447 4378 nostro·

331 4417 489 4486 iudicibus
505 4421 643 4488 diuersis
652 4423 842 4506 commissis,
852 4422 943 4489 iuxta
951 4427 1093 4489 tenorem
1106 4419 1442 4504 mandatorumipsius

331 4529 507 4612 procedere
522 4539 740 4616 procurarent,
757 4533 812 4614 qui
829 4529 912 4598 sieut
928 4553 968 4598 ex
983 4533 1139 4599 relatione
1154 4529 1373 4598 intelleximus
1389 4547 1442 4596 eo·

333 4632 474 4719 rundem,
499 4635 619 4723 inipso
641 4641 767 4725 negotio
783 4639 882 4706 variis
898 4641 939 4709 do
954 4641 1060 4708 causis
1074 4640 1205 4709 minime
1219 4635 1441 4726 procedentes,
