3214 5072
186 727 188 733 Α
285 773 527 842 scaccos
550 779 686 866 apaan,
716 775 783 840 ecc
811 762 1024 862 compactas
1047 774 1138 857 ,ctae
1169 772 1439 861 metaneam.

509 910 513 918 -
833 885 931 950 1171.

422 1047 517 1114 Αιιιιο
534 1045 703 1114 Dominice
718 1045 961 1113 incarnacionis
972 1045 1143 1112 millesimo
1161 1044 1195 1110 Ο.
1206 1043 1309 1111 LXX.
1321 1046 1437 1132 primo,

317 1161 477 1238 regnante
492 1155 658 1238 Stephano
676 1152 943 1222 uictoriosissimo
960 1159 993 1219 et
1008 1153 1221 1220 inuictissimo
1248 1154 1358 1246 (leyse
1374 1153 1436 1240 Be-

315 1263 366 1346 gis
381 1261 458 1346 lilio,
475 1283 562 1328 anuo
578 1262 683 1348 Regni
699 1263 751 1330 sui
772 1268 896 1346 quarto,
923 1263 1012 1329 Luca
1037 1256 1103 1327 Dei
1125 1260 1237 1346 gracia
1262 1263 1330 1328 viro
1356 1264 1438 1328 reli-

292 1369 499 1454 giosissimo
529 1369 785 1456 Archiepiscopo
817 1369 977 1436 existente
996 1419 1004 1450 ,
1021 1368 1153 1436 Andrea
1177 1371 1293 1438 eadem
1318 1372 1435 1456 gracia

314 1479 543 1546 honestissimo
553 1479 623 1545 niro
633 1480 814 1568 Ecclesiam
826 1483 951 1548 Sancte
958 1480 1061 1550 llario
1080 1477 1219 1568 feliciter
1231 1467 1435 1560 gubernante

314 1585 442 1670 Ampud
458 1592 566 1653 autem
591 1586 716 1654 Gemite
740 1587 891 1654 Palatino
922 1595 954 1654 et
985 1587 1181 1656 Sunadiensi
1211 1594 1435 1672 permanente,

314 1693 495 1761 Laurencio
511 1714 588 1761 uero
603 1695 819 1762 illustrissimo
837 1694 1054 1780 etfimaguilioo
1070 1695 1140 1760 uiro
1157 1693 1280 1782 Ouriali
1303 1694 1432 1760 *Gemite

314 1799 472 1884 simulque
488 1803 700 1888 supruniensi
716 1803 886 1870 existente.
911 1801 1050 1879 Quidem
1065 1803 1173 1876 malus
1184 1802 1284 1898 ¹homo
1301 1803 1434 1868 nomine

314 1907 425 1975 Enseu
439 1911 472 1975 ui
486 1909 679 1995 possederat
694 1917 813 1976 terram
831 1915 863 1975 et
879 1908 1036 1975 familiam
1053 1909 1203 1976 Ecclesie
1227 1904 1323 1992 quam
1347 1911 1434 1976 'Puta

314 2023 347 2084 et
363 2019 557 2105 Peregrinus
572 2019 690 2086 fratres
711 2019 857 2104 ejusdem
874 2018 998 2084 domini
1013 2039 1071 2104 pro
1088 2019 1232 2086 remedio
1249 2020 1358 2086 anime
1374 2037 1434 2084 sue

187 2133 188 2136 ’
313 2125 434 2192 Sancto
464 2127 620 2194 Mauricio
646 2126 820 2214 dederant,
845 2127 916 2193 siue
942 2126 1028 2192 omni
1054 2125 1310 2211 participaeicue
1336 2126 1433 2192 ullius

312 2235 496 2316 potestatis.
520 2235 592 2300 Hoc
608 2253 680 2300 cum
695 2233 833 2302 uidisset
847 2236 971 2324 Abbas,
996 2234 1051 2316 qui
1075 2223 1195 2318 prefuit
1221 2253 1260 2302 eo
1286 2240 1433 2318 tempore

186 2427 188 2430 Ι
260 2408 263 2418 ,
312 2341 473 2408 Beiiensis
504 2343 696 2409 monasterii
743 2349 838 2428 pater
867 2342 1053 2410 terminauit
1084 2342 1175 2407 illum
1205 2341 1249 2407 od
1297 2335 1432 2428 Regem.

312 2450 488 2532 Postquam
504 2451 554 2517 vir
568 2451 625 2516 llle
650 2472 721 2518 cum
746 2452 918 2536 intellexit,
945 2452 1032 2534 quod
1057 2451 1288 2537 dampnaretur
1318 2461 1433 2544 contra

194 2599 199 2605 -
314 2551 507 2642 Ecclesiam,
520 2561 639 2626 ‘ductus
665 2560 697 2625 in
713 2560 901 2646 penitencia
925 2561 1050 2628 dimisit
1072 2560 1226 2646 populum
1250 2567 1435 2646 terramque

311 2665 464 2751 reddidit,
482 2669 560 2752 quie
575 2671 708 2760 expauit
722 2669 834 2736 uenire
849 2670 894 2736 ed
909 2669 1071 2746 iudicium.
1092 2669 1194 2736 Huius
1209 2669 1257 2735 rei
1272 2677 1343 2735 erat
1358 2690 1432 2756 pre·

311 2773 437 2840 staldu's
448 2766 625 2842 canonicus
635 2775 787 2842 Aliensis
802 2777 931 2842 nomine
944 2775 1009 2860 Gyl
1025 2781 1058 2841 et
1077 2775 1268 2862 capellanus
1284 2777 1431 2868 eiusdem

251 2967 253 2973 A
311 2882 504 2966 Regir,qui
530 2884 788 2972 supradictorum
813 2887 1002 2970 populorum
1027 2891 1146 2950 terram
1172 2878 1214 2949 ct¹
1229 2891 1333 2952 metas
1358 2903 1431 2951 cum

309 2993 404 3058 iussu
428 2992 528 3075 Regis
554 2992 708 3082 circuiuit.
732 2992 835 3058 Terra
866 3003 975 3059 autem
1005 3011 1114 3058 eornm
1145 2993 1336 3058 terminatur
1365 2995 1432 3079 hijs

310 3099 406 3166 metis
419 3122 435 3162 ι·
450 3101 500 3166 Ab
526 3085 675 3166 horiente
698 3101 848 3167 inhoatur
872 3101 913 3168 de
937 3119 1057 3185 magua
1080 3101 1243 3180 communi
1258 3101 1331 3188 uia,
1356 3102 1432 3168 iude

292 3217 293 3222 ’
309 3207 402 3274 uadit
418 3208 461 3274 ad
477 3210 587 3276 senum
604 3209 795 3290 sacerdotis,
811 3216 844 3276 et
870 3209 987 3275 exinde
1018 3211 1197 3296 protelatur
1228 3211 1288 3280 sub
1319 3217 1429 3278 monte

311 3314 434 3398 Sumug
447 3316 493 3381 ad
508 3317 618 3384 fenum
633 3317 808 3404 luthardi,
833 3337 933 3400 equo
950 3299 1028 3384 uero
1054 3317 1237 3386 extenditur
1262 3319 1306 3386 ad
1331 3328 1430 3405 eaput

312 3419 472 3504 fluminis,
503 3427 558 3510 qui
582 3425 680 3510 volgo
707 3425 822 3492 dicitur
847 3426 968 3511 ugrug
989 3433 1021 3492 et
1046 3426 1090 3492 ibi
1115 3433 1165 3491 est
1194 3427 1294 3495 arbor
1324 3428 1430 3512 salix;

310 3530 388 3599 iude
419 3533 523 3600 eciam
554 3536 646 3602 vadit
676 3555 735 3620 per
764 3553 917 3618 magnam
945 3531 1032 3598 uiam
1057 3531 1107 3598 ad
1134 3541 1233 3618 caput
1272 3535 1345 3619 agri
1369 3537 1431 3601 Bo-

310 3659 389 3726 eou;
422 3645 455 3705 et
481 3641 598 3708 exinde
623 3660 682 3725 per
707 3661 826 3726 aquam
857 3641 968 3724 Egrug
1001 3641 1226 3725 adsignatam
1254 3661 1428 3728 quereum

308 3748 385 3815 iude
417 3749 520 3814 eciam
559 3751 734 3817 reclinatur
774 3768 888 3816 uersus
928 3749 1129 3816 occidentem
1159 3769 1218 3836 per
1258 3753 1345 3818 uiam
1374 3769 1428 3816 ue-

310 3875 381 3922 mus
396 3855 440 3921 ed
455 3855 595 3938 foueam,
612 3865 645 3922 et
660 3857 705 3922 ibi
720 3865 770 3923 est
786 3858 978 3925 detruncata
1002 3877 1158 3943 quercus;
1183 3860 1233 3924 ab
1250 3859 1306 3926 illo
1323 3861 1427 3928 eciem

309 3953 511 4032 descendens
527 3978 599 4050 'per
628 3967 776 4058 uallem,
793 3975 826 4032 et
855 3985 913 4052 per
937 3967 1046 4032 lenum
1070 3966 1248 4052 protelatur
1268 3969 1430 4053 usquead

266 4085 275 4100 ·
308 4091 458 4156 magnam
488 4069 586 4152 uiam,
613 4079 652 4138 et
683 4057 715 4139 in
746 4075 839 4141 labro
867 4075 1066 4141 eiusdemuie
1082 4082 1131 4141 est
1146 4095 1267 4161 magua
1281 4077 1390 4161 foues,
1407 4101 1429 4146 a

309 4197 373 4262 qua
387 4180 557 4246 reuertitur
572 4181 616 4248 ad
630 4175 791 4268 preditum
807 4184 923 4271 locum.
947 4183 997 4247 Ab
1021 4183 1078 4248 illo
1103 4183 1207 4248 eciam
1232 4184 1345 4268 predio
1368 4189 1425 4272 qui

310 4295 443 4355 uocatur
460 4289 654 4373 Ganuauna,
672 4309 768 4372 quam
786 4291 871 4356 'Puta
887 4289 975 4356 dedit
989 4291 1157 4358 aunuatim
1181 4291 1293 4359 Albati
1318 4295 1424 4361 fratri·

310 4394 433 4478 busque
447 4395 541 4465 Beati
556 4397 706 4466 Mauricii
722 4399 787 4464 tale
803 4397 994 4482 impendant
1008 4398 1200 4486 seruicium;
1222 4407 1259 4466 ut
1280 4402 1312 4467 iu
1338 4403 1424 4470 festo

309 4501 423 4568 Sancti
438 4503 606 4571 Michaelis
622 4507 649 4573 O
663 4507 776 4592 ydrias
801 4503 913 4588 brasij,
930 4506 957 4570 L
972 4505 1109 4592 farinne,
1125 4509 1158 4574 Π
1172 4509 1286 4594 boues,
1303 4511 1336 4576 Il
1351 4533 1424 4598 pcr-

309 4629 376 4700 eos,
391 4610 425 4677 Π
439 4629 528 4696 oves,
544 4611 610 4678 XX
625 4615 777 4698 gallinas,
793 4609 828 4677 X
850 4631 995 4696 anseres,
1026 4615 1051 4681 (1
1082 4638 1157 4702 ova,
1187 4619 1285 4687 ollam
1315 4621 1424 4708 butiri,
