3214 5066
630 329 780 434 ms.

670 835 747 902 rra.
815 885 817 888 .

191 1015 277 1082 Bora
291 1011 370 1102 pros
381 1035 402 1079 a
418 1013 562 1102 caaMdju
577 1011 658 1078 ciltcl
673 1013 819 1101 alapitott
835 1013 1072 1082 hormestam
1086 1015 1221 1101 apdtactp

451 1119 622 1187 birtelrdrdl
635 1119 857 1208 pocdoakodik.
875 1121 972 1186 1223.

253 1302 373 1370 Fallax
387 1299 499 1367 muudi
509 1300 614 1385 gloria
624 1300 718 1386 lapsu
727 1300 790 1368 ruit
798 1299 923 1385 mobili5
934 1311 1024 1386 opes,
1034 1299 1184 1385 honores,
1194 1311 1260 1367 om·

147 1408 202 1477 nia
215 1407 340 1495 florent,
350 1407 460 1496 fluunt,
470 1429 530 1476 nec
547 1409 736 1495 persistunt,
746 1409 823 1494 quia
838 1415 1053 1496 marcescunt;
1069 1429 1144 1478 uam
1158 1427 1260 1496 popu·

145 1518 229 1585 latur
238 1523 270 1584 et
281 1517 440 1586 subvertit
450 1515 558 1584 omnia
568 1533 654 1583 mors
664 1535 784 1588 amara.
794 1517 900 1583 Beata
909 1507 1021 1602 gracia
1028 1515 1259 1602 (Kaprinaindl

150 1623 432 1714 „igituranima“)‚
447 1631 509 1709 que
520 1631 650 1711 gustato
669 1623 779 1692 fructu.
791 1624 959 1694 salutifero
969 1623 1136 1710 postponit
1149 1625 1259 1692 omnia

140 1735 308 1822 ‘presentis
317 1739 383 1803 vite
392 1731 523 1820 gandia.
535 1735 710 1820 Igitnrllgo
718 1735 834 1803 (lomes
842 1733 923 1800 Bors
934 1733 1151 1818 predictorum
1159 1723 1259 1801 bono-

144 1865 214 1913 rum
229 1844 485 1926 nonimmemor,
497 1843 623 1910 iunctus
634 1843 979 1928 sospitateprecarens
995 1841 1028 1906 in
1043 1841 1182 1916 futurum
1193 1861 1258 1908 mo-

144 1953 300 2037 nasterio,
311 1971 383 2018 mec
399 1951 502 2017 Beate
516 1950 619 2040 llario
636 1948 864 2036 fabricatopro
874 1950 980 2016 salute
996 1949 1103 2016 anime
1118 1969 1190 2018 mee
1201 1970 1259 2037 pa·

143 2067 332 2145 reatumque
347 2078 488 2126 meorum
500 2058 597 2125 villas
607 2056 765 2141 quasdam
778 2056 974 2124 hereditario
986 2056 1061 2141 jure
1077 2057 1154 2124 mibi
1169 2057 1257 2126 iuhc·

142 2176 263 2255 rentes,
273 2187 408 2252 quarum
417 2167 562 2234 hecsunt
572 2165 705 2238 nomina
714 2163 866 2234 videlicet
876 2165 1017 2246 Snmuld,
1025 2163 1147 2232 Stauch
1157 2165 1258 2233 etDu·
1372 2253 1375 2264 Ι

9 2347 10 2370 ἶ
142 2271 482 2363 nauelfflevenesiuel
496 2267 1143 2360 „SumulchcarchetDunasegb“)cum
1153 2275 1259 2343 insula

141 2385 343 2455 contuleram
358 2381 595 2468 possidendas,
620 2387 779 2468 exoptans
804 2389 840 2449 nt
863 2382 981 2449 iratres
998 2382 1031 2448 in
1047 2381 1134 2450 dicto
1149 2403 1257 2450 mona

142 2497 242 2564 sterio
259 2495 427 2582 degentes,
444 2497 567 2578 quanto
577 2491 743 2560 liberalius
752 2492 935 2579 corporalia
944 2490 1157 2577 perciperent,
1167 2496 1257 2581 tanto

143 2604 284 2690 quietius
295 2599 518 2693 spiritualibus
530 2619 646 2670 vacare
657 2601 942 2670 valerentverum
961 2600 1038 2684 quia
1053 2597 1195 2668 karitate
1209 2621 1258 2670 re·

143 2714 340 2799 frigescente
355 2709 509 2794 iniquitas
521 2709 731 2800 habundavit,
748 2709 894 2796 predicte
903 2709 1122 2795 possessionis
1132 2711 1257 2778 veritas

141 2818 332 2890 inmedium
349 2819 439 2885 venit
454 2819 637 2902 dubietatis,
656 2819 754 2886 sicut
765 2817 920 2903 Magister
930 2817 1016 2885 Pons
1033 2819 1186 2886 ommissa
1202 2839 1257 2887 re·

139 2931 236 2997 ritate
253 2934 419 3001 assereret
427 2929 439 3013 ‚'
464 2927 560 2996 villas
584 2927 787 3015 supradictas
804 2926 975 3013 emptionis
990 2929 1093 3014 tytulo
1109 2935 1259 3016 exparte

140 3059 214 3105 mea
229 3035 410 3127 possidere.
427 3034 527 3104 (luins
544 3033 747 3103 vendicionis
763 3041 830 3102 tam
847 3054 927 3119 ego,
943 3055 1040 3118 qnam
1056 3036 1173 3104 iratres
1185 3035 1258 3121 jam

140 3145 220 3213 dicti
235 3145 426 3212 monasterii
442 3143 566 3230 ignari5
583 3164 654 3211 oum
671 3144 726 3212 diu
741 3161 850 3212 coram
866 3142 1009 3226 Regibus
1025 3133 1155 3213 Andros
1170 3143 1256 3212 vide·

140 3239 268 3320 licct'et
282 3251 348 3318 filio
366 3252 436 3319 eins
461 3252 562 3337 Bela,
586 3275 647 3320 nec
672 3273 736 3320 non
760 3259 793 3318 et
816 3252 998 3320 Batonibus
1022 3252 1128 3337 Regni
1154 3274 1255 3321 causa

140 3361 352 3429 ventilaretur
368 3358 521 3428 iratribus
537 3361 696 3448 sepedicti
712 3361 901 3427 monasterii
926 3359 1090 3426 actoribus
1106 3370 1256 3446 exparte

138 3487 214 3554 una,
229 3487 287 3534 reo
302 3473 411 3534 autem
425 3467 581 3554 Magistro
598 3469 684 3536 Pons
701 3489 741 3536 ex
759 3469 875 3552 altera,
886 3467 957 3552 Ego
967 3465 1083 3536 Comes
1100 3469 1183 3535 Bors
1199 3490 1256 3536 ra·

139 3565 237 3644 leleci
252 3575 466 3662 contentioni,
481 3577 651 3663 presertim
671 3597 743 3645 cum
765 3577 924 3662 Magister
942 3575 1026 3642 Pous
1041 3575 1256 3644 instrumento

138 3691 283 3753 uteretur
306 3690 420 3751 contra
446 3703 498 3750 me
522 3692 555 3752 et
579 3685 697 3753 iratres
724 3683 828 3751 dictos
860 3684 1061 3752 clandestine
1091 3690 1258 3772 usurpato,

139 3793 364 3882 gauderetque
387 3793 498 3862 libello
514 3793 657 3862 indebite
673 3795 814 3864 obtento.
832 3791 887 3860 Sic
901 3793 1020 3860 cedens
1041 3793 1257 3880 contencioni,
1294 3873 1298 3882 ἱ

140 3910 176 3970 ut
189 3901 313 3969 dictum
328 3901 558 3970 monasterium
569 3922 674 3971 meum
684 3905 799 3971 nolens
815 3902 971 3970 fraudare
987 3902 1171 3970 elemosina
1185 3921 1258 3988 pro·

139 4011 242 4077 missa
257 4007 320 4076 imo
337 4015 370 4079 et
385 4009 484 4096 data,
510 4008 607 4077 villas
637 4011 718 4078 duas
743 4011 828 4078 alias
844 3997 1203 4079 in'ccmmutuacionem
1219 4010 1258 4078 il·

140 4120 256 4203 larum,
267 4137 348 4202 quas
358 4119 444 4186 Pous
460 4120 637 4206 usurpauit,
652 4127 806 4206 perpetuo
823 4118 863 4186 do
879 4119 1108 4206 possidendas,
1125 4136 1258 4204 quarum

139 4226 200 4294 hec
216 4233 292 4294 sunt
305 4225 454 4292 nomina:
467 4221 596 4312 llycba
607 4227 835 4298 Fluecendorll
847 4249 919 4296 cum
936 4227 1087 4297 omnibus
1101 4228 1170 4296 suis
1185 4248 1258 4316 per·

139 4333 282 4403 naeniis
292 4334 314 4420 ,Ι
324 4339 357 4402 et
371 4335 432 4402 boo
448 4335 567 4404 abhinc
582 4357 685 4422 usque
700 4339 734 4406 in
749 4345 959 4425 perpetuum
985 4336 1132 4404 similiter
1147 4344 1180 4404 ct
1194 4357 1258 4404 me

140 4443 225 4512 diam
241 4451 370 4534 partem
384 4443 463 4513 ville
478 4443 629 4532 lictatur,
645 4467 707 4532 que
723 4454 774 4515 est
787 4445 821 4514 in
837 4446 974 4516 confinio
990 4446 1148 4516 Teutonis
1158 4449 1261 4534 ,post

141 4552 265 4620 obitum
290 4571 398 4621 meum
421 4551 596 4620 secundum
621 4555 786 4624 racionem
810 4555 991 4644 predictam
1015 4554 1120 4624 eidem
1136 4536 1259 4626 centuli

140 4663 336 4733 monasterio
351 4661 438 4734 nullo
454 4663 690 4736 contradictore
712 4665 914 4753 persistente.
946 4665 1001 4736 Sic
1028 4675 1062 4736 et
1075 4666 1182 4736 littere
1197 4667 1259 4734 Rc·

917 4765 924 4784 '
1094 4774 1155 4846 1³·
