3222 5054
651 323 815 436 ffl-

275 523 314 590 In
330 541 360 587 e.
375 541 416 602 m.
431 519 687 608 Archiepiscopo
704 517 929 606 Strigoniensi,
940 517 1103 608 Episewo
1116 519 1288 597 (deuriemi

171 634 203 696 ct
218 623 381 719 Episcopo
397 628 636 698 Hildesemensi
650 624 695 716 (P)
713 633 773 696 etc.
790 634 851 696 etc.

222 803 285 877 (ΙΙΙ.
303 805 447 865 Honorius
464 803 542 880 pdpa
558 803 744 880 Bsgee'tdibdl
763 805 888 863 Theiner
905 804 942 860 id.
963 821 999 863 m.
1018 803 1040 864 1.
1060 805 1118 863 kdt
1138 807 1181 863 70.
1200 802 1234 880 l.)

139 1588 142 1594 Δ
174 1547 240 1612 ΙΙΙ.
259 1545 419 1612 Honorias
435 1533 522 1632 papa
541 1520 1128 1636 11.1cripyesrcnuiusszcrr,ms9a
1142 1549 1291 1615 moster

174 1653 391 1741 dadjdrotbua
413 1651 497 1719 tdool
521 1652 600 1736 less,
624 1673 663 1716 aa
687 1652 822 1740 apostoli
844 1653 914 1717 eadit
937 1652 1065 1739 kttdiada
1089 1653 1219 1720 aldulmo
1234 1645 1291 1718 old

235 1763 346 1826 'neoda
354 1811 365 1844 ,
381 1759 628 1847 Mapycroroadp
646 1757 808 1846 fdpapjaa'd
824 1782 857 1824 ez
868 1760 958 1854 „indat
974 1762 1100 1828 dnestti.
1117 1763 1214 1826 1227.

281 1939 446 2007 Honorius
458 1965 461 1970 ¹
472 1939 653 2026 Episcopus
678 1943 739 2026 etc.
764 1927 942 2007 venerabili
964 1939 1057 2008 fratri
1124 1987 1133 2006 .
1150 1990 1158 2008 .
1174 1939 1289 2011 Archi·

175 2047 328 2134 episcopo
344 2045 559 2132 Strigoniensi
573 2047 710 2114 salutern
726 2051 786 2114 etc.
797 2098 800 2120 ,
811 2047 944 2114 Sincera
960 2048 1109 2131 devotio,
1126 2066 1223 2133 quern
1239 2067 1291 2116 ca·
1321 2093 1322 2096 =

173 2141 322 2224 riasimus
345 2151 380 2221 in
404 2152 531 2222 Christo
553 2153 641 2224 filius
662 2161 772 2224 noster
787 2152 1002 2244 widericus)
1015 2156 1159 2226 Illustris
1175 2155 1292 2225 Roma·

174 2283 287 2332 norum
303 2264 486 2350 Inporator
501 2283 630 2348 semper
644 2263 811 2350 Augustus
825 2272 859 2330 et
874 2265 944 2332 Rex
959 2264 1093 2349 Sicilie,
1118 2265 1163 2332 ad
1185 2263 1292 2332 Deum
1368 2305 1373 2317 ι

176 2380 208 2440 ct
219 2371 405 2440 Ecclesiam
420 2369 543 2438 habere
558 2371 746 2456 dinoscitur,
762 2391 821 2443 nos
837 2371 979 2459 inducit,
1005 2373 1107 2459 ut1ad
1122 2375 1192 2442 eius
1206 2367 1293 2441 tran·

176 2483 357 2567 quiiitatem
373 2486 536 2566 et,pacem
553 2477 702 2564 diligenti
717 2483 822 2550 studio
838 2488 872 2548 et
888 2479 1036 2550 studiosa
1062 2480 1230 2566 diligentia
1243 2485 1291 2552 in·

176 2587 357 2655 tendamus.
384 2585 463 2654 cum
478 2585 581 2676 igitur
591 2589 662 2654 nelo
678 2585 753 2656 tidei
763 2605 809 2654 ac
825 2588 1007 2682 devotionis
1023 2607 1182 2657 accensus
1198 2589 1241 2657 ad
1255 2589 1293 2657 li·

177 2695 377 2764 berationem
401 2700 505 2780 terre,
531 2693 564 2762 in
590 2713 655 2780 qna
669 2696 741 2762 Rex
755 2697 879 2780 Regum
895 2702 928 2763 et
943 2698 1103 2770 Dominus
1127 2697 1293 2772 dominan-

177 2801 254 2870 tium
269 2801 291 2871 J
293 2821 370 2869 esus
385 2801 531 2870 Christus
547 2799 678 2890 generis
693 2803 824 2871 humani
839 2805 979 2874 salutern
1001 2801 1153 2891 dignatus
1170 2813 1222 2873 cst
1235 2807 1293 2874 mi·

178 2911 383 2980 sericorditer
400 2911 535 2996 operari,
552 2917 720 2998 potenter,
736 2913 822 2980 sicut
836 2901 1044 2999 Imperialem
1058 2913 1153 2982 decet
1169 2913 1294 3000 Magni·
1375 2923 1376 2926 ’

178 3016 361 3105 decutiam,
378 3038 415 3086 se
429 3019 599 3106 accingat5
624 3039 702 3105 nos,
719 3027 837 3090 uttam
852 3020 940 3108 pium
956 3027 989 3090 et
1005 3019 1135 3091 salubre
1149 3023 1295 3109 proposi·

179 3131 247 3194 turn'
264 3127 380 3196 meiius
397 3127 510 3196 ualeat
524 3127 724 3214 adimplere,
749 3127 842 3196 suam
857 3137 890 3197 et
904 3128 962 3198 filii
977 3131 1028 3198 sui
1045 3149 1207 3216 personas
1223 3149 1296 3198 cum

179 3235 340 3324 Imperio,
356 3237 493 3326 Regno,
506 3229 868 3304 iuribus-ct'honoribus
885 3239 954 3305 suis
970 3239 1029 3305 sub
1045 3241 1141 3306 Beati
1157 3239 1245 3305 Petri
1260 3244 1294 3305 et

179 3352 292 3414 nostra
307 3347 507 3431 protectione
521 3349 740 3434 suscepimus,
757 3346 932 3438 districtius
943 3347 1150 3430 inhibentes,
1166 3365 1208 3415 ne
1223 3346 1295 3430 quis

180 3454 308 3522 interim
333 3473 375 3521 ea
396 3455 569 3538 invadere,
595 3455 739 3524 minuere
764 3454 816 3521 vel
842 3453 1296 3540 quomodolibetperturbare

180 3569 367 3648 presumat,
390 3569 442 3628 'set
465 3580 567 3647 usque
583 3562 627 3629 ad
642 3562 782 3632 reditum
798 3561 867 3628 eius
883 3561 942 3630 rub
958 3561 1095 3649 speciali
1109 3560 1297 3649 Apostolice

181 3669 277 3738 Sedis
294 3677 328 3736 et
342 3669 669 3762 Archiepiscoporum
681 3674 721 3760 ¹et
733 3670 968 3758 Episcoporum
987 3669 1177 3738 defensione
1192 3671 1297 3738 libera

182 3785 214 3848 et
229 3779 341 3864 quieta
357 3780 545 3848 consistent.
574 3768 735 3857 Quocirca
759 3778 945 3848 discretioni
964 3787 1020 3848 tuo
1034 3799 1093 3866 per
1108 3779 1298 3869 Apostolica

181 3889 304 3975 scripta
318 3887 526 3976 precipiendo
547 3888 738 3956 mandamus
747 3938 757 3973 ,
783 3890 934 3974 quatinus
951 3889 1050 3973 siqui
1067 3896 1177 3970 contra
1192 3887 1300 3977 prohi-

181 3997 338 4064 bitionem
353 4003 499 4064 nostram
514 4017 597 4066 ausu
612 3997 784 4066 temerario
798 3997 979 4082 venientes,
995 3996 1099 4086 ipsius
1115 3999 1293 4082 Imperato

182 4101 227 4168 ris
244 4103 386 4172 honore·
401 4111 434 4174 et
449 4107 539 4190 iura,
557 4125 619 4190 que
633 4103 719 4174 infra
735 4105 816 4174 fines
832 4111 887 4173 tue
902 4105 1109 4192 metropolis,
1126 4104 1226 4171 frater
1240 4103 1299 4188 Ar·

183 4213 401 4300 chiepisccpc,
418 4215 550 4299 obtinet,
567 4213 722 4284 invadere
738 4215 791 4280 rel
806 4215 970 4296 minuere,
988 4231 1046 4280 seu
1061 4210 1304 4297 quomodolibet*

183 4319 440 4407 presumpserint
455 4321 599 4390 indebite
614 4323 806 4408 perturbare
816 4372 826 4406 ,
851 4319 1035 4407 hujusmodi
1059 4315 1301 4406 presumptores

184 4432 410 4517 undecumque
425 4431 562 4516 fuerint,
588 4439 624 4498 ut
646 4450 668 4498 a
692 4449 753 4498 sua
778 4429 997 4517 presumtione
1014 4427 1192 4512 desistant,
1212 4427 1303 4496 etde

185 4539 382 4628 presumptis
397 4537 542 4607 debitam
557 4539 815 4608 satisfactionem
830 4536 1029 4623 impendent,
1041 4535 1215 4604 monitione
1229 4555 1303 4626 pre-

184 4650 307 4735 missa,
333 4667 394 4734 per
413 4634 747 4722 excomunicationem
770 4648 804 4714 in
828 4662 987 4733 personas
1003 4650 1036 4711 et
1050 4641 1254 4735 interdictum
1267 4633 1302 4707 ¹in

474 4757 478 4760 ’
1086 4750 1146 4820 Ιῦ*
