3234 5072
791 381 950 482 L

319 579 569 646 iteratc‘nubere
584 577 733 662 uoluerit,
748 583 781 642 et
795 578 959 662 orphanos
974 575 1135 663 deserere,
1147 577 1187 643 ds
1204 578 1301 646 rebus
1316 579 1433 666 orpha
1482 584 1488 604 “

320 671 433 754 ιιοιιιιιι
446 675 673 774 nihilomnino
689 665 751 750 sibi
771 683 932 762 neudioet,
957 683 1020 750 nisi
1048 691 1172 755 tantum
1198 703 1349 768 congrus
1372 685 1435 752 sibi

321 779 521 861 uestimenta.
575 778 577 785 ’
818 802 819 806 ’
938 797 970 859 ,’
1436 841 1443 849 -

422 911 531 986 Item
554 916 603 986 de
627 917 791 986 viduis.
815 919 856 985 SI
874 917 1025 986 Aureli
1049 917 1147 984 uidua
1174 919 1243 985 sine
1268 920 1359 1006 prole
1385 941 1433 987 re-

285 1047 291 1060 ’
318 1028 483 1110 manserit,
499 1033 531 1091 et
547 1045 582 1093 se
599 1025 766 1110 innuptam
782 1027 815 1092 in
833 1045 893 1093 sua
916 1024 1075 1094 uiduitate
1100 1045 1291 1113 permanere
1315 1029 1431 1114 prumi-

225 1215 229 1226 ι
317 1135 405 1216 serit,
417 1136 575 1218 uolumus,
586 1140 619 1198 ut
629 1140 821 1219 potestatem
833 1133 953 1198 habeut
971 1137 1110 1200 omnium
1126 1134 1281 1200 bonorum
1293 1153 1431 1220 suorum,

320 1249 353 1309 et
368 1239 526 1326 quidquid
540 1241 619 1306 uelit
633 1239 707 1306 inde
723 1240 843 1324 iacere,
862 1239 974 1308 iaciat.
998 1241 1077 1308 Post
1093 1240 1213 1308 obitum
1230 1249 1337 1309 autem
1347 1282 1352 1292 ·
1363 1243 1432 1320 eius

320 1349 435 1416 eadem
450 1349 536 1415 bonu
550 1347 594 1414 ad
609 1367 687 1414 suos
702 1349 836 1414 redeant
851 1355 1005 1432 parentes
1026 1350 1144 1434 mariti,
1161 1351 1188 1414 si
1205 1359 1358 1435 parentes
1377 1351 1433 1416 ha·

319 1459 394 1543 bet,
412 1459 462 1523 in
478 1465 585 1524 autern
600 1457 671 1523 Rex
686 1457 729 1523 sit
743 1455 853 1524 heres
1069 1442 1073 1450 ’

422 1581 558 1650 XXVII.
581 1583 640 1650 De
662 1590 793 1667 raptu
816 1581 1078 1670 puellarum.
1104 1585 1144 1650 sl
1169 1581 1268 1661 QVIS
1285 1583 1427 1650 militum

206 1753 209 1760 .
274 1747 277 1753 .
294 1755 301 1774 ,
317 1689 527 1778 impudicicia
542 1689 669 1758 sedatus
683 1691 826 1776 puellam
842 1691 987 1774 aliquam
1003 1691 1073 1756 sine
1092 1692 1296 1781 concessione
1311 1709 1429 1776 paren·

233 1781 235 1786 ¹
316 1806 383 1866 tum
400 1799 461 1866 sibi
477 1801 511 1866 in
527 1819 659 1866 uxorem
674 1797 828 1884 rapuerit,
847 1797 1048 1864 decr-culmus
1064 1800 1206 1884 puellam
1238 1797 1431 1885 perentibus

284 1983 286 1988 ,
316 1905 418 1992 reddi,
435 1906 562 1973 etiamsi
579 1907 621 1973 ab
637 1905 694 1972 illu
709 1899 822 1988 aliqua¹
836 1903 886 1970 uis
911 1905 974 1970 sibi
999 1904 1091 1971 illata
1118 1907 1179 1990 sit;
1211 1913 1243 1972 et
1267 1914 1376 1990 raptor
1398 1905 1432 1971 X

318 2017 425 2083 soluat
439 2014 593 2081 iuuencos
609 2033 667 2100 pro
684 2019 788 2098 raptu,
806 2013 884 2079 iicet
900 2017 1016 2098 postea
1040 2013 1263 2080 reconcilietur
1285 2015 1446 2098 parenti,

316 2125 377 2190 bus
392 2121 507 2208 puelle
530 2121 566 2187 Si
581 2140 658 2188 uero
672 2139 799 2205 pauper
815 2119 886 2202 quis
901 2118 964 2187 iroo
978 2119 1125 2205 vulgaris
1138 2128 1237 2205 agere
1253 2119 1430 2205 agreditur,

317 2236 488 2314 componet
502 2235 630 2314 raptum
646 2225 674 2291 V
688 2226 846 2294 iuuencis.

341 2433 342 2438 p
422 2353 572 2422 xxvm.
612 2351 672 2416 ue
710 2350 1082 2432 fornicatoribus
1111 2335 1431 2422 eum'snuirrrs

317 2463 522 2532 alterius.
545 2459 603 2530 VT
618 2461 765 2528 LIBERI
781 2481 873 2529 suam
900 2463 1086 2532 custodient
1110 2463 1295 2532 libertatem
1317 2461 1428 2530 iocun-

318 2567 766 2654 taminatum,uoli1musillis
786 2587 907 2653 ponere
932 2570 1122 2638 cuononem.
1148 2567 1302 2652 Quisquis
1327 2577 1431 2637 trans·

318 2679 471 2766 grediens
497 2675 675 2744 fornicatur
692 2695 764 2741 cum
781 2675 902 2749 anodla
917 2675 1062 2763 alterius,
1094 2679 1178 2745 sciat
1196 2698 1232 2745 se
1258 2697 1345 2743 reum
1371 2677 1430 2744 cri-

317 2785 423 2870 minis,
454 2792 486 2850 ct
515 2803 573 2870 pro
609 2780 722 2850 eodem
749 2781 886 2850 ‘crimine
915 2783 1072 2869 imprimis
1103 2784 1271 2852 decoriari.
1295 2785 1330 2852 Si
1354 2803 1431 2851 uero

319 2890 460 2960 secundo
476 2911 547 2958 cum
562 2889 675 2958 eudem
699 2889 874 2958 fornicatus
899 2889 1006 2974 fuerit,
1033 2892 1149 2958 iterum
1176 2891 1358 2961 decorietur
1389 2911 1430 2958 ac

323 3001 492 3089 depiletur.
509 3001 544 3068 si
560 2999 792 3088 sutemtercio,
809 3001 852 3066 sit
866 3017 979 3066 seruus
991 3001 1125 3087 pariter
1136 3020 1207 3066 cum
1225 2999 1355 3085 ancilla,
1373 2977 1431 3068 sot

318 3109 454 3178 redimet
468 3127 513 3175 se.
536 3108 571 3175 Si
586 3114 693 3176 autem
708 3107 828 3174 ancillo
851 3109 1036 3194 conceperit
1061 3105 1102 3173 de
1118 3127 1166 3194 eo,
1183 3117 1348 3194 etparere
1375 3130 1430 3176 nc·

319 3217 469 3304 potuerit,
486 3215 544 3284 sed
559 3215 592 3282 in
607 3221 701 3301 partu
725 3215 866 3299 moritur,
891 3222 1065 3301 componat
1095 3215 1231 3310 eandem
1260 3234 1331 3282 cum
1362 3219 1430 3285 alia

320 3323 449 3396 ancilla.
1184 3325 1215 3332 ”

424 3453 484 3520 De
507 3469 733 3519 seruorum
764 3448 1081 3519 fornicatione.
1105 3449 1272 3520 SERUUS
1301 3470 1429 3538 quoque

320 3561 455 3630 durius
470 3560 587 3628 sicum
602 3557 722 3626 ancille
737 3557 871 3627 alterius
892 3558 1079 3644 fornicatur,
1106 3557 1287 3628 decorietur
1312 3580 1350 3628 ao
1375 3559 1430 3626 de-

320 3670 456 3756 piletur;
472 3673 506 3733 et
521 3665 550 3734 si
565 3667 682 3732 ancilia
706 3663 747 3734 de
771 3687 810 3735 eo
837 3666 1021 3754 conceperit
1036 3673 1077 3734 ¹et
1101 3669 1133 3734 in
1161 3674 1257 3754 partu
1286 3670 1429 3752 moritur,
1496 3667 1498 3671 ’

321 3793 434 3844 seruus
449 3772 671 3858 venumdetur,
687 3792 728 3842 uc
743 3773 878 3842 dimidia
892 3794 970 3860 pers
985 3774 1080 3862 pretii
1105 3777 1224 3843 seniori
1240 3777 1359 3844 ancille
1375 3775 1429 3844 de·

320 3889 379 3959 tur,
395 3881 500 3947 alters
514 3899 591 3966 pers
609 3899 687 3949 uero
703 3881 821 3948 seniori
836 3879 923 3948 serui
938 3887 1113 3951 remaneat.

426 4004 549 4102 lim
572 4003 723 4074 Dehis
746 4006 819 4091 qui
842 4007 1114 4091 petuntsibi
1149 4009 1352 4076 ancilias
1385 4010 1429 4078 iu

281 4133 284 4142 ’
322 4133 484 4184 uxores
524 4112 582 4182 VT
605 4111 725 4180 Nudo
749 4131 869 4196 eorum,
890 4116 946 4200 qui
969 4115 1072 4183 libero
1099 4122 1271 4182 censentur
1286 4117 1427 4197 nomine,

322 4224 472 4309 cuiquem
487 4223 564 4310 quid
580 4223 696 4292 iniurie
720 4221 829 4290 iacere
853 4221 981 4302 audeat,
1006 4229 1160 4298 terrorem
1186 4229 1219 4290 et
1245 4225 1428 4292 cautionem

322 4331 541 4417 imposuimus,
557 4331 634 4415 quia
646 4331 684 4396 in
698 4329 760 4397 hoc
776 4329 890 4414 Regali
905 4328 1049 4404 Concilio
1074 4328 1239 4398 decretum
1264 4328 1324 4409 est,
1340 4335 1375 4396 ut
1398 4333 1429 4400 si

326 4437 400 4524 quis
414 4437 497 4505 liber
512 4437 702 4507 connubium
733 4437 850 4505 ancille
865 4437 998 4504 alterius
1015 4437 1140 4505 sciente
1155 4436 1284 4506 domino
1308 4435 1430 4506 ancille

324 4544 467 4632 elegerit,
483 4546 611 4630 perdita
626 4547 787 4618 libertatis
804 4563 862 4614 sue
887 4541 1046 4613 industria
1070 4553 1251 4632 perpetuus
1268 4541 1428 4614 efficiatur

324 4672 450 4730 seruus.
672 4673 676 4680 '
