3214 5066
788 348 948 455 Q..

310 545 342 611 in
358 545 442 612 festo
457 545 568 614 Sancti
583 543 755 612 Michaelis
771 543 805 610 in
821 542 906 610 houe
924 541 1041 607 trienni
1058 545 1089 607 ct
1105 539 1131 607 G
1149 539 1290 626 panibus
1299 589 1308 624 ,
1336 545 1368 605 et
1383 545 1429 605 tu·

306 653 396 718 nella
412 653 559 720 cervisie.
576 655 730 722 Preterea
746 649 864 736 partim
880 649 913 716 in
927 648 1069 717 secundo
1083 647 1196 733 predio
1208 647 1355 715 eiusdem
1370 667 1425 714 no·

307 761 394 826 mine
409 761 524 826 Zeleus
533 811 542 845 ,
560 779 656 843 quam
672 766 739 826 tam
755 759 788 824 in
804 763 909 843 terra,
934 773 1030 841 quam
1046 756 1080 822 in
1094 755 1198 843 Sylua
1213 755 1359 824 habehat
1368 805 1378 840 ,
1395 760 1427 822 et

308 889 437 935 seruum
451 869 583 935 nomino·
596 868 727 935 Jroslou
742 887 814 934 cum
824 865 939 933 llfilils
956 865 1110 949 ethicae,
1127 871 1159 930 et
1175 866 1280 932 eciam
1296 865 1427 931 uincam

309 977 342 1043 in
356 977 455 1043 uinea
469 975 587 1060 Eochu,
605 983 638 1042 et
653 981 753 1042 totam
769 980 908 1059 terram,
930 993 992 1056 que
1008 976 1041 1040 in
1055 971 1170 1058 predio
1186 975 1316 1040 nomine
1332 973 1427 1041 Oatlu

308 1104 409 1172 prope
426 1083 469 1152 ad
484 1085 623 1152 insulam
639 1083 738 1170 Regis
755 1083 798 1150 ad
813 1085 882 1164 eius
898 1091 1023 1168 partem
1039 1083 1198 1168 pertinet,
1215 1091 1248 1151 et
1263 1081 1427 1168 quendam

310 1211 437 1260 seruum
458 1193 586 1260 nomine
611 1193 735 1259 Iroalou
762 1213 832 1258 cum
859 1193 890 1258 11
914 1191 992 1276 filijs
1015 1193 1080 1258 iam
1104 1191 1208 1258 dictus
1225 1189 1263 1258 0.
1279 1191 1427 1258 Ecclesia

309 1301 404 1368 Beati
428 1299 561 1367 Martini
579 1300 722 1366 contulit.
754 1302 836 1368 item
852 1297 1079 1368 confirmamus
1095 1305 1220 1384 partem
1237 1319 1335 1382 quam
1350 1298 1426 1384 Egi·

309 1408 382 1476 dius
397 1409 430 1473 in
446 1407 525 1474 uilla
542 1407 663 1474 (lamas
679 1427 752 1473 oum
767 1405 894 1473 duabus
923 1407 1030 1474 uineis
1057 1413 1089 1472 et
1113 1408 1215 1474 tribus
1234 1407 1428 1490 nemoribus,

310 1523 429 1582 etcum
446 1537 510 1583 uno
526 1523 636 1584 aratro
653 1523 686 1582 et
701 1522 789 1582 terra
797 1513 971 1583 sufficienti
981 1514 1024 1582 ad
1034 1523 1177 1582 aratrum
1193 1522 1314 1582 etcum
1331 1535 1428 1584 seruo

309 1623 437 1690 nomine
447 1625 533 1708 Apat
549 1630 582 1689 et
598 1643 669 1689 oum
685 1623 834 1690 omnihus
850 1621 1060 1709 pertiueneijs
1076 1621 1144 1690 suis
1156 1625 1303 1693 Ecclesia
1313 1623 1428 1692 Sancti

309 1733 439 1798 Martini
455 1730 576 1798 dimisit
591 1729 797 1817 possidenda.
829 1731 910 1798 Item
936 1731 1160 1798 confirmamus
1177 1733 1281 1798 eciam
1298 1739 1426 1824 senteu-

309 1841 389 1906 tiam
404 1838 574 1906 diffinitam
589 1839 691 1906 nostri
706 1839 849 1906 Palatini
864 1839 991 1905 Nicolai
1013 1839 1073 1923 filij
1097 1841 1199 1924 Bora,
1227 1861 1323 1924 quam
1348 1839 1428 1908 iecit

311 1953 423 2015 contra
438 1947 592 2015 Bissenos
607 1947 648 2014 de
662 1945 825 2032 Nogholm
841 1952 874 2012 et
889 1947 1011 2012 latinos
1026 1945 1208 2029 Albenses,
1233 1951 1280 2017 ita
1296 1949 1427 2032 quidem

309 2064 344 2124 ut
359 2077 430 2126 eum
446 2055 523 2123 dicti
538 2055 665 2123 Bisseni
681 2053 723 2122 de
738 2055 1021 2144 patrimonialibus
1039 2055 1106 2122 suis
1116 2055 1262 2125 decimas
1271 2060 1352 2127 dare
1361 2077 1428 2124 non

309 2165 478 2252 repudient
502 2165 598 2234 immo
624 2162 716 2231 inuiti
741 2165 869 2232 soluere
895 2160 1130 2250 compellantur
1145 2167 1246 2234 multo
1262 2167 1369 2253 magis
1385 2165 1426 2233 de

309 2274 414 2340 uineis
441 2275 508 2340 suis
531 2275 564 2340 iu
592 2271 756 2340 Comitatus
781 2273 988 2357 Sumugiensi
1013 2271 1165 2360 empticio
1189 2275 1358 2360 acquisitis
1373 2277 1427 2343 rel

306 2380 394 2448 uinis
409 2380 560 2466 empticie
576 2381 782 2468 congregatis
798 2379 876 2449 dare
892 2387 1078 2467 teneantnr;
1096 2388 1130 2449 et
1144 2381 1205 2449 heo
1220 2382 1306 2450 idem
1323 2383 1363 2450 de
1379 2383 1426 2450 la

310 2488 385 2558 tinis
401 2488 595 2557 Albensibus
611 2471 765 2572 dicimus,
789 2488 902 2570 utvel
927 2487 968 2555 do
994 2489 1141 2557 omnihus
1166 2490 1251 2557 uinis
1274 2493 1342 2559 suis
1358 2497 1426 2558 tam

311 2595 428 2684 emptis
453 2615 549 2681 quam
574 2603 607 2663 et
636 2598 703 2663 suis
720 2597 862 2683 proprijs
893 2596 1038 2663 decimas
1068 2597 1272 2682 integraliter
1304 2599 1426 2688 persol-

310 2713 408 2790 uaut,
437 2707 491 2773 uel
522 2723 624 2788 usque
655 2705 697 2772 ad
730 2703 847 2773 festum
881 2706 993 2772 Sancti
1024 2705 1155 2773 Martini
1185 2707 1229 2774 ab
1260 2706 1426 2794 emptione

311 2814 378 2881 uini
408 2813 597 2892 desistant,
621 2819 656 2878 ut
686 2813 813 2879 interim
844 2812 1059 2881 decimatores
1090 2811 1235 2882 decimas
1273 2814 1313 2882 de
1351 2817 1426 2886 uino

310 2922 536 3009 proueniantes
566 2921 663 3008 plene
686 2921 820 3007 'possint
851 2921 1020 3008 assignare
1053 2923 1106 2990 vel
1134 2923 1163 2989 si
1187 2943 1296 2992 emere
1319 2925 1426 2994 uolue-

310 3029 375 3095 rint
384 3069 406 3112 ,-
426 3025 554 3096 nonnisi
592 3046 750 3094 consensu
788 3029 945 3110 Abbatis,
981 3036 1014 3094 et
1045 3037 1173 3116 recepto
1208 3032 1278 3099 eius
1312 3034 1422 3120 sigillo

312 3155 420 3204 emere
443 3139 496 3204 vel
522 3142 629 3222 empta
654 3137 750 3204 uinea
775 3143 832 3202 aut
855 3155 914 3203 sua
930 3138 1063 3224 propria
1079 3144 1155 3204 ante
1172 3137 1290 3206 dietum
1307 3139 1425 3208 sestam

312 3243 482 3312 extrahere
498 3253 749 3331 persumpmont.
780 3243 873 3324 Quod
899 3245 927 3311 si
953 3248 1025 3330 quis
1045 3265 1126 3313 ausu
1141 3249 1314 3316 temerario
1329 3250 1426 3316 aliter

311 3352 420 3420 lacere
436 3355 646 3431 attentarent
672 3359 703 3419 et
728 3353 761 3420 in
785 3351 836 3420 his
865 3355 1036 3441 culpabilis
1062 3363 1208 3441 repertus
1234 3357 1330 3424 suerit
1345 3365 1425 3425 tam-
1490 3374 1493 3388 ⁴

312 3481 408 3545 quam
424 3461 526 3528 furem
541 3461 819 3529 condemnandum
835 3461 903 3554 fore
919 3461 1142 3530 iudicauimus.
1159 3463 1242 3532 Item
1257 3466 1424 3534 confirma·

312 3589 382 3638 mus
399 3577 431 3637 et
446 3571 645 3637 sentenciam
660 3571 802 3640 eiusdem
818 3572 919 3638 nostri
936 3571 1088 3656 Palatini,
1106 3593 1201 3656 quam
1216 3573 1298 3642 feeit
1313 3583 1426 3644 eontra

312 3679 449 3766 populos
464 3677 725 3766 Wesprlmiensis
742 3680 959 3766 Episcopatus
985 3681 1017 3747 in
1040 3681 1202 3748 comitatu
1219 3673 1426 3768 Sur'nugiensi

313 3786 503 3855 constitutos
518 3805 575 3873 pro
591 3785 724 3853 decimis
740 3785 923 3873 eorundem,
940 3795 1033 3875 prout
1049 3789 1081 3854 in
1098 3789 1225 3856 Tenere
1240 3789 1422 3873 litterarum

312 3890 433 3960 domini
447 3894 635 3980 Apostolici,
650 3895 805 3964 uidelicet
821 3895 1006 3981 Innocencij
1024 3899 1115 3964 tercii
1131 3900 1320 3984 continetur,
1339 3916 1424 3984 quas

313 4001 457 4068 eiusdem
473 4001 619 4069 Ecclesia
634 4002 753 4070 Abbati
771 4003 926 4071 uidelicet
937 4005 1030 4072 Wros
1047 4026 1145 4092 super
1160 4007 1227 4092 hijs
1243 4007 1329 4074 idem
1339 4009 1424 4094 Apo-

313 4111 445 4178 stolicus
461 4119 676 4179 concesserat.
693 4113 813 4180 Datum
830 4133 888 4201 per
904 4135 1019 4182 manus
1030 4115 1208 4184 Oletitlule
1223 4121 1332 4184 nostre
1343 4115 1425 4182 Can·

285 4295 289 4308 ,
313 4218 450 4300 cellarii,
468 4225 501 4285 et
516 4220 684 4304 agriensis
700 4221 874 4308 Prepesiti,
894 4242 979 4289 anno
994 4223 1163 4292 Dominice
1180 4218 1424 4292 Incaruacionis

312 4325 492 4394 dccxxi.
508 4329 694 4395 Venerabili
708 4329 857 4396 Johannc
874 4329 1097 4417 strigoniensi,
1113 4331 1291 4400 reuerendo
1302 4333 1424 4418 Vgrino

314 4433 483 4502 Colocensi
498 4435 759 4523 Archiepiscopis
776 4437 997 4524 existentibus,
1013 4439 1183 4508 Desiderio
1196 4438 1423 4532 chanadiensi,

314 4541 455 4607 Roberto
473 4543 733 4628 wesprimiensi,
759 4545 933 4614 Gniliermo
958 4547 1274 4634 Transsiluaniensi,
1299 4547 1427 4616 Thomu

316 4643 477 4747 Agriensi,
493 4647 801 4734 JaeohoWaciensi,
817 4651 984 4737 Stephano
996 4653 1217 4740 Zagrabiensi,
1234 4655 1424 4726 Alexandro
