3234 5072
623 365 765 472 2⁷...

133 568 255 653 Magna
270 564 305 634 in
321 563 437 634 mem
451 559 541 647 villa,
556 579 618 646 oue
633 557 750 630 (licitur
765 560 927 648 Dusnulry
941 579 1001 628 sex
1023 575 1155 630 mansus
1177 581 1249 631 cum

139 695 200 744 sua
214 671 367 761 pecunia,
384 689 519 755 quorum
542 670 674 738 nomina
699 673 772 736 sunt
796 668 857 734 hec
881 670 973 754 Iran,
997 669 1087 756 Ichy,
1113 669 1250 758 Wachy,

141 783 253 867 Zemy,
267 777 414 860 Kokcch,
431 775 603 844 Ombrooh.
613 775 679 844 Sed
689 793 746 861 per
755 793 874 843 annum
883 775 939 844 isti
953 777 1050 845 simul
1064 777 1142 845 dant
1156 797 1252 846 unum

137 891 265 973 bouem,
281 888 307 956 0
321 903 435 974 panas,
452 891 519 952 tres
535 884 666 952 cubulos
683 883 841 969 medonis,
857 902 916 970 per
942 883 1069 952 domum
1093 883 1174 954 dnos
1200 905 1252 953 eu·

137 975 230 1064 bolos
248 993 416 1076 ocreuisie,
433 1009 533 1058 unam
547 991 716 1076 gallinam,
734 991 797 1058 duo
812 1009 948 1060 mansus·
960 992 1056 1060 simol
1074 1012 1172 1060 onam
1196 1013 1252 1061 an·

137 1120 253 1168 serem.
279 1097 346 1166 Sed
360 1099 405 1184 hy
421 1099 484 1164 duo
509 1097 624 1183 populi
648 1096 741 1163 simul
765 1097 799 1163 X
821 1116 943 1183 pensas
968 1101 1181 1188 denariorum,
1204 1119 1254 1170 ee·

138 1209 239 1276 closis
256 1227 364 1276 emere
381 1225 499 1280 ceram.
516 1205 661 1272 Tandem
680 1223 742 1289 ego
759 1208 876 1274 Petrus
899 1206 1014 1292 rogaui
1037 1208 1163 1294 Regem
1185 1229 1256 1276 oum

137 1318 228 1384 Duco
244 1317 366 1402 Magno
381 1319 414 1380 ct
429 1313 521 1380 Duce
544 1311 710 1399 Ladirlac,
725 1319 759 1382 vt
773 1313 818 1400 hy
833 1314 943 1400 populi
958 1314 1103 1384 decimas
1118 1335 1183 1383 non
1198 1316 1254 1382 da

139 1429 209 1490 rent
224 1427 334 1507 preter
349 1419 433 1488 duas
448 1421 600 1506 eapcoias
616 1427 760 1486 atroam
785 1421 954 1506 gallinam,
979 1421 1038 1488 sed
1062 1422 1123 1490 hoc
1146 1442 1253 1492 sacen

138 1529 204 1598 (loti
218 1530 427 1616 parochyano
443 1529 685 1622 prosspoltma
700 1533 732 1594 et
748 1529 923 1614 baptismo;
940 1547 1037 1614 quarn
1051 1531 1250 1616 peticionem
1273 1599 1278 1608 ,

139 1641 208 1706 Rex
234 1657 308 1706 com
332 1635 586 1722 Archiepiscopo
615 1634 686 1702 lieri
716 1642 952 1706 concesserunt.
977 1639 1019 1704 Vt
1048 1643 1159 1733 autem
1192 1637 1254 1706 hoc

141 1764 211 1814 mee
226 1743 446 1812 concessionis
462 1740 581 1810 donum
597 1744 744 1826 sequenti
759 1761 821 1812 euo
832 1742 1054 1810 inconvulsum
1065 1752 1255 1829 permaneat

140 1852 319 1920 testimonio
335 1853 517 1936 aliquorum
532 1851 715 1920 nominibus
731 1851 881 1918 attestari
897 1849 971 1918 leci.
994 1853 1067 1918 Rex
1083 1851 1256 1936 salomom

141 1959 214 2028 Dux
229 1961 380 2046 Magnus,
397 1961 471 2026 Dux
488 1959 670 2042 ladizlaus,
685 1956 956 2044 Archiepiscopus
979 1959 1098 2046 Dersy,
1121 1959 1255 2045 Episco-

142 2087 200 2156 pus
209 2065 406 2154 ieronimus,
416 2069 599 2154 Episcopus
609 2068 752 2152 Alexim,
762 2067 929 2134 Palatinus
946 2065 1063 2134 Oomes
1079 2055 1257 2151 Rodowa'u,

146 2173 261 2242 Comes
293 2173 411 2260 nmoy,
444 2165 566 2242 Comes
577 2173 710 2260 Wyrlus,
726 2174 840 2240 Comes
858 2173 1023 2258 Markoch,
1046 2173 1160 2242 Comes
1170 2175 1254 2260 Ilya,

80 2369 84 2380 Ι
142 2283 258 2350 Comes
273 2279 385 2360 Pcthe,
402 2281 516 2348 comes
530 2282 647 2371 Hetey,
670 2281 787 2348 Comes
811 2280 977 2366 Martium,
1004 2280 1121 2349 Comes
1147 2279 1251 2348 Wefa.

144 2390 227 2476 Ipsis
243 2395 353 2456 autem
369 2389 505 2456 testibus
521 2388 561 2458 de
584 2390 731 2476 prodicta
757 2389 914 2458 facultate
940 2409 1013 2458 mea
1037 2387 1255 2458 testimoninm

141 2495 394 2588 perhibentibus,
411 2494 438 2562 sl
453 2496 617 2583 quispiam
633 2496 722 2564 fatuo
738 2495 862 2581 aliquid
886 2495 1078 2564 subtrahere
1094 2495 1145 2564 uel
1161 2497 1256 2566 muti-

143 2609 210 2676 lare
223 2608 451 2692 pcsnmpserit,
467 2606 511 2672 sit
535 2597 686 2674 anatema
709 2607 768 2672 sub
795 2605 1132 2674 excommunicacione
1157 2604 1257 2674 omni-

143 2716 284 2802 potentis
299 2713 363 2780 Dei
379 2721 411 2779 et
426 2716 528 2798 Regio
544 2713 726 2782 Maiestatis
747 2714 949 2797 auctoritato,
973 2713 1140 2798 tociusque
1164 2711 1255 2780 Chri-

146 2819 322 2890 stianitatis
338 2822 504 2888 consorclo
521 2822 672 2906 privetur.

264 2979 325 3051 (rv.
344 2977 415 3035 aare
432 2977 527 3053 many
548 2979 617 3037 naor
628 2979 657 3036 m
676 2979 844 3054 megeroslto
856 2977 1006 3039 neveram.
1026 2983 1089 3038 aaa
1105 2981 1124 3052 ).

586 3192 829 3205 *naun—...unn-

682 3413 714 3477 5.

149 3559 168 3622 l
171 3555 205 3622 V.
228 3556 352 3622 Hem-ik
383 3558 598 3623 runai-nimos
629 3555 817 3622 mamae
848 3555 1095 3645 Mapyororszcig
1124 3559 1256 3646 ayapoti

351 3664 506 3729 kotdrdra
527 3664 699 3730 coactiost
719 3663 939 3750 nyilatlcozato„
963 3665 1060 3732 1074.

223 3807 397 3877 Hainricus
407 3809 528 3878 Divina
539 3807 669 3877 laveute
681 3807 861 3878 Clementia
884 3815 1026 3896 quartus,
1038 3811 1258 3884 Romanorum

146 3920 325 4004 Imperator
339 3919 512 4004 Augustus.
531 3917 664 4004 Regalis
680 3917 823 4002 dignitas
840 3923 872 3982 et
888 3918 1064 4004 imperialis
1093 3917 1252 4005 Maiestas

148 4025 252 4094 adhoc
281 4025 448 4094 Diuioitns
472 4025 622 4102 ordinata
645 4032 713 4112 est,
742 4032 777 4091 rt
806 4026 1016 4110 superborum
1046 4027 1259 4096 temeritatem

146 4134 353 4220 comprimat5
377 4134 519 4202 fidelium
549 4155 628 4204 vero
653 4133 868 4219 devotionem,
891 4136 1093 4218 maximeque
1116 4135 1187 4202 Deo
1212 4135 1260 4204 fa·-

43 4231 48 4242 ’
149 4242 337 4310 molantium
361 4242 576 4310 humilitatem
600 4242 657 4328 pia
681 4240 861 4310 deuotione
885 4241 1017 4310 muniat.
1050 4239 1128 4310 Ideo
1153 4239 1259 4312 tidelis
1292 4320 1297 4330 ,

144 4352 244 4418 nostri
259 4350 402 4419 Oonoms
418 4351 556 4418 Palatini
572 4351 759 4418 memoriam
786 4350 927 4438 posteris
951 4349 1074 4435 scripto
1097 4349 1259 4418 transmit-

145 4459 342 4544 timus,.quia
356 4461 460 4529 Deum
475 4467 508 4527 et
522 4459 678 4530 Sanctum
693 4461 821 4528 Petrum
835 4457 975 4526 omnium
1000 4477 1106 4526 rarum
1128 4477 1259 4526 suarum

146 4567 319 4638 haeredem
334 4569 473 4656 reliquit.
497 4569 624 4637 Habuit
633 4568 718 4636 enim
734 4568 814 4636 duos
830 4566 960 4648 liberos,
977 4567 1091 4650 quibus
1107 4567 1255 4636 substan-

147 4679 222 4748 tiam
236 4699 332 4752 suam
348 4678 459 4748 divisit
475 4676 637 4748 (lenonem
652 4675 778 4748 scilicet
793 4680 825 4746 et
840 4673 1069 4761 Irmogardam.
1086 4724 1095 4743 .
1112 4722 1121 4744 .
1138 4723 1146 4742 .
1170 4674 1252 4744 oon·
