3234 5072
810 299 967 404 „nan-

334 500 421 568 uiam
436 495 597 582 publicam
613 500 646 563 et
668 487 720 562 est
742 475 906 582 cumulus,
928 496 1005 564 inde
1035 497 1121 564 ultra
1150 516 1250 584 agros
1280 495 1368 570 cadit
1398 496 1453 564 ad

334 611 461 698 portum
476 605 576 690 Fizeg
596 609 628 669 et
654 611 703 669 est
727 603 891 688 cumulus;
914 601 989 670 inde
1015 607 1101 673 ultra
1123 625 1223 690 agros
1247 612 1280 673 et
1303 625 1446 694 campos

334 711 421 778 cadit
434 712 468 777 in
483 712 555 778 uias
570 710 729 796 publicas,
747 730 805 796 per
821 729 903 794 quas
919 711 1010 778 uadit
1025 711 1068 778 ad
1091 713 1330 796 munimentum,
1356 713 1451 796 qnod

318 812 423 886 ‘ducit
439 820 482 886 ad
497 819 580 902 uias,
596 836 618 884 a
633 819 749 902 quibus
764 819 900 884 uertitur
914 816 959 884 ad
974 837 1028 885 rus
1043 817 1267 906 Bossenorum,
1287 826 1320 888 et
1330 827 1381 888 est
1392 840 1450 886 cn-

328 925 458 1012 mulns,
481 925 557 992 inde
573 926 708 993 uertitur
733 926 776 992 ad
799 925 977 1013 predictum
1001 927 1117 994 locum.
1141 928 1260 996 Tereia
1285 929 1366 995 nilla
1393 935 1449 994 est

334 1055 397 1121 que
412 1036 595 1101 nominatur
611 1033 798 1098 Paccioodi
818 1033 1091 1100 ita'terminatur.
1115 1037 1234 1122 Incipit
1257 1053 1316 1122 per
1339 1035 1450 1102 muni-

334 1149 479 1210 mentum
495 1141 581 1230 quod
596 1141 694 1226 uulgo
710 1141 826 1209 dicitur
842 1143 924 1208 aruk
940 1148 973 1208 et
987 1141 1078 1209 uadit
1093 1143 1136 1208 ad
1161 1144 1313 1228 angulum
1341 1143 1446 1210 muni·

333 1249 445 1336 menti,
461 1268 524 1334 que
539 1249 646 1335 uergit
660 1249 702 1314 ad
718 1249 816 1317 alium
840 1251 991 1336 angulum
1016 1250 1213 1337 munimenti,
1230 1273 1251 1320 a
1266 1271 1329 1336 quo
1344 1251 1443 1317 uerti-

199 1405 200 1409 =
335 1367 386 1438 tur
405 1357 449 1426 ad
464 1377 615 1426 oceasum
631 1363 663 1424 et
675 1359 865 1425 terminatur
880 1361 1082 1446 perlongum
1098 1360 1339 1445 munimentum,
1356 1357 1447 1444 quod

338 1466 519 1534 declinatur
534 1467 578 1534 ad
597 1465 801 1552 sepulchrum
817 1466 942 1552 Welen,
961 1488 982 1534 a
998 1486 1060 1552 quo
1085 1467 1201 1534 iterum
1225 1467 1373 1550 dirigitur
1388 1485 1449 1553 per

336 1575 566 1641 munimentum
597 1573 735 1660 longum,
768 1576 854 1670 quod
877 1575 973 1642 mittit
1002 1594 1173 1661 parumper
1202 1595 1260 1662 per
1290 1591 1439 1660 campum

337 1689 425 1748 recto
441 1701 556 1767 gressu
572 1681 615 1748 ad
630 1681 784 1766 angulum
800 1681 997 1766 munimenti,
1015 1701 1036 1746 a
1051 1701 1115 1765 quo
1140 1682 1272 1747 uertitur
1296 1701 1355 1766 per
1379 1681 1448 1746 ΠΙΙ

335 1789 480 1856 cumulos
495 1787 538 1854 ad
552 1789 691 1874 longum,
709 1788 765 1874 qui
781 1791 878 1875 uulgo
894 1790 1010 1857 dicitur
1034 1785 1271 1855 Buheubrazda
1296 1787 1350 1872 qui
1375 1787 1448 1854 mit-

335 1895 373 1961 tit
389 1896 432 1964 ad
446 1897 623 1984 predictum
638 1899 752 1964 locum.
763 1895 918 1976 Quartum
935 1894 1090 1983 predium,
1109 1895 1196 1981 quod
1211 1901 1262 1962 est
1276 1896 1368 1960 iuxta
1384 1893 1444 1960 flu-

336 2003 424 2072 uium
439 2005 555 2092 Arpas,
571 2005 760 2072 terminatur
776 2006 818 2070 ab
835 2002 1028 2071 occidentali
1044 2011 1138 2090 parte
1153 2004 1197 2070 ad
1213 2001 1333 2069 exitum
1349 1999 1447 2067 riuuli

338 2111 424 2196 quod
440 2112 554 2178 dicitur
568 2113 742 2196 Veoehtue,
758 2119 791 2178 et
810 2110 888 2178 inde
915 2113 1006 2180 uadit
1029 2131 1088 2196 per
1112 2113 1220 2196 Arpos
1244 2117 1371 2197 portum
1394 2109 1452 2194 qui

341 2221 429 2288 ducit
451 2218 495 2286 ad
519 2220 673 2287 orientem
702 2219 756 2286 ubi
786 2221 958 2306 angulatur
986 2219 1151 2306 predictus
1181 2217 1295 2286 fluuius
1324 2217 1450 2303 Arpos,

341 2325 417 2392 hinc
432 2325 578 2412 dirigitur
592 2347 650 2413 per
665 2328 751 2393 uiam
768 2347 829 2412 que
845 2327 934 2396 ducit
948 2328 992 2395 ad
1006 2334 1146 2394 montem
1170 2327 1314 2411 mercati,
1341 2347 1362 2392 a
1386 2345 1449 2409 quo

340 2433 428 2502 cadit
444 2439 479 2499 et
494 2431 584 2501 uadit
598 2454 657 2519 per
672 2437 800 2503 alueum
817 2437 871 2520 qui
888 2437 985 2519 uulgo
1003 2435 1118 2502 dicitur
1134 2435 1257 2501 Murzol
1281 2432 1325 2499 ad
1350 2449 1451 2520 angu-

340 2541 407 2608 lum
421 2543 490 2627 ripe
506 2541 649 2609 eiusdem
669 2564 762 2628 aque,
779 2543 820 2611 de
835 2563 899 2627 qua
915 2543 978 2609 itur
1001 2544 1045 2610 ad
1069 2543 1230 2608 cumulum
1258 2541 1312 2625 qui
1337 2539 1454 2608 dieitur

342 2648 455 2731 hatar;
478 2647 553 2714 hinc
575 2649 681 2734 uergit
707 2651 751 2718 ad
780 2651 940 2718 iacentem
971 2652 1152 2716 columnam
1184 2649 1359 2737 lapideam,
1391 2667 1453 2731 que

342 2753 439 2820 mittit
453 2775 511 2841 per
527 2755 652 2823 alueum
682 2755 868 2842 salsuginis,
884 2775 946 2839 que
962 2756 1078 2824 dicitur
1093 2757 1199 2839 Soequ
1223 2755 1267 2824 ad
1292 2756 1396 2840 ripam
1414 2755 1454 2820 il·

344 2861 421 2942 lam,
436 2860 491 2927 ubi
506 2865 651 2929 cumulus
668 2871 727 2948 est,
738 2861 850 2948 dequo
867 2865 999 2930 uertitur
1009 2865 1052 2931 ad
1062 2862 1251 2932 sabulosum
1272 2863 1450 2930 munimen-

343 2975 411 3036 tum
428 2970 481 3053 qui
496 2972 593 3056 uulgo
610 2971 726 3038 dicitur
740 2971 878 3038 humuch
896 2971 996 3055 aruk3
1020 2971 1095 3038 indo
1112 2972 1230 3038 transit
1245 2971 1331 3037 ultra
1346 2976 1452 3038 rotun-

346 3075 407 3142 das
422 3077 617 3162 salsaigines
633 3077 676 3144 ad
690 3077 770 3144 illud
786 3081 1017 3148 munimentum
1038 3079 1093 3146 ubi
1119 3087 1169 3146 est
1185 3079 1330 3146 cumulus
1349 3077 1454 3162 cespi-

344 3193 420 3269 tum,
437 3185 491 3268 qui
508 3185 605 3252 mittit
620 3185 663 3251 ad
679 3187 776 3252 alium
793 3190 951 3254 cumulum
965 3211 973 3272 ς
994 3175 1071 3255 hino
1093 3189 1227 3255 uertitur
1242 3187 1286 3252 ad
1302 3204 1455 3254 occasum

345 3309 404 3376 per
417 3299 512 3378 prata
527 3291 571 3360 ad
588 3294 724 3360 tercium
742 3295 912 3380 cumulum,
929 3295 1047 3379 dequo
1064 3296 1183 3363 transit
1206 3295 1290 3360 ultra
1305 3293 1457 3381 paludem

321 3413 325 3420 ·
350 3417 409 3485 per
423 3400 647 3468 arundinetum
657 3401 700 3469 ad
711 3404 930 3490 caputmortis
940 3405 994 3489 qui
1003 3404 1100 3490 uulgo
1111 3399 1451 3488 diciturSoeseciehe3

348 3507 424 3575 hinc
440 3507 527 3576 ducit
535 3508 728 3576 arundineta
737 3513 832 3598 palus
842 3511 884 3578 ad
894 3513 1071 3598 predictum
1086 3515 1200 3579 locum.
1218 3511 1371 3591 Quintum
1381 3529 1453 3598 pre·

350 3613 447 3700 dium,
463 3615 547 3699 quod
569 3617 686 3684 dicitur
709 3619 892 3705 Kctcl-loco,
919 3621 1033 3709 incipit
1057 3619 1225 3688 terminari
1249 3617 1290 3686 de
1315 3607 1457 3706 uulpinis

353 3719 466 3806 ioueis,
483 3739 544 3805 que
561 3723 689 3788 mittunt
703 3722 747 3791 ad
763 3727 921 3792 cumulum
943 3727 1110 3814 cespitum,
1128 3747 1227 3813 aquo
1243 3727 1391 3813 dirigitur
1407 3725 1450 3793 ad

353 3829 501 3915 spineum
516 3828 689 3912 uirgultum
704 3831 789 3915 quod
804 3831 920 3900 dicitur
935 3833 1106 3902 Gemissen
1121 3833 1243 3920 bugat,
1259 3835 1336 3902 iude
1352 3833 1455 3900 tendi·

352 3943 404 4004 tur
419 3935 462 4003 ad
476 3937 629 4021 angulum
645 3941 842 4025 munimenti,
859 3963 880 4009 a
895 3961 959 4026 quo
974 3961 1087 4029 parum
1101 3933 1279 4028 protelatur
1293 3959 1352 4028 per
1368 3960 1457 4008 cam-

354 4063 441 4130 pum,
458 4052 491 4110 et
506 4043 646 4112 caditad
657 4046 808 4130 angulum
819 4049 952 4117 alterius
968 4049 1174 4134 munimenti;
1192 4047 1268 4116 inda
1278 4047 1395 4134 recipit
1403 4051 1459 4118 uia

350 4149 492 4238 publica,
508 4170 572 4235 que
587 4171 645 4238 per
655 4152 822 4221 circutum
837 4156 973 4238 girando
988 4157 1113 4225 reducit
1128 4156 1171 4224 ad
1186 4155 1326 4241 priorem
1341 4156 1459 4225 locum.

273 4323 277 4332 ,
357 4257 458 4324 Sexta
486 4260 568 4328 uilla
598 4278 661 4343 que
686 4257 803 4328 dicitur
832 4260 956 4329 Audrcc
969 4264 1119 4353 Episcopi
1133 4263 1245 4349 incipit
1259 4263 1462 4335 terminarit

357 4365 493 4432 culmine
509 4367 625 4434 montis
645 4369 701 4453 qui
724 4368 839 4436 dicitur
863 4371 975 4458 Lossu,
1001 4377 1033 4436 et
1057 4370 1227 4440 descendit
1250 4371 1294 4438 ad
1316 4371 1461 4458 lapidem

349 4471 440 4552 dirui,
456 4495 477 4540 a
492 4493 555 4558 quo
570 4475 738 4544 descendit
753 4480 809 4567 qui
834 4487 883 4547 est
899 4479 941 4546 ad
957 4479 1078 4565 foueas,
1095 4501 1157 4565 que
1173 4477 1225 4547 cst
1241 4479 1274 4546 iu
1289 4481 1381 4547 labro
1398 4481 1463 4566 uie,

351 4577 391 4650 de
407 4599 471 4665 qua
487 4580 632 4669 dirigitur
646 4603 704 4670 per
728 4585 815 4655 uiam
839 4583 883 4657 ad
909 4589 1068 4657 cumulum
1093 4587 1272 4675 cespitum,
1297 4585 1465 4659 descendit
