<?xml version="1.0" encoding="UTF-8"?>
<!DOCTYPE html PUBLIC "-//W3C//DTD XHTML 1.0 Transitional//EN"
    "http://www.w3.org/TR/xhtml1/DTD/xhtml1-transitional.dtd">
<html xmlns="http://www.w3.org/1999/xhtml" xml:lang="en" lang="en">
 <head>
  <title>
</title>
<meta http-equiv="Content-Type" content="text/html;charset=utf-8" />
  <meta name='ocr-system' content='tesseract 3.04.00' />
  <meta name='ocr-capabilities' content='ocr_page ocr_carea ocr_par ocr_line ocrx_word'/>
</head>
<body>
  <div class='ocr_page' id='page_1' title='image "./codexdiplomatic20wenzgoog_0255.png"; bbox 0 0 3214 5066; ppageno 0'>
   <div class='ocr_carea' id='block_1_1' title="bbox 300 995 1417 1290">
    <p class='ocr_par' dir='ltr' id='par_1_1' title="bbox 300 995 1417 1290">
     <span class='ocr_line' id='line_1_1' title="bbox 307 995 1417 1102; baseline -0.001 -26"><span class='ocrx_word' id='word_1_1' title='bbox 307 1010 371 1076; x_wconf 87' lang='lat' dir='ltr'><strong>HI.</strong></span> <span class='ocrx_word' id='word_1_2' title='bbox 394 1009 557 1077; x_wconf 76' lang='lat' dir='ltr'><strong>Honorius</strong></span> <span class='ocrx_word' id='word_1_3' title='bbox 570 995 665 1097; x_wconf 73' lang='lat' dir='ltr'><strong>&#39;pcipe</strong></span> <span class='ocrx_word' id='word_1_4' title='bbox 687 1031 708 1073; x_wconf 88' lang='lat' dir='ltr'><strong>o</strong></span> <span class='ocrx_word' id='word_1_5' title='bbox 731 1012 969 1098; x_wconf 75' lang='lat' dir='ltr'><strong>comopymepyei</strong></span> <span class='ocrx_word' id='word_1_6' title='bbox 984 1011 1111 1102; x_wconf 78' lang='lat' dir='ltr'><strong>&#39;tizedelt</strong></span> <span class='ocrx_word' id='word_1_7' title='bbox 1128 1033 1217 1100; x_wconf 81' lang='lat' dir='ltr'><strong>pereo</strong></span> <span class='ocrx_word' id='word_1_8' title='bbox 1237 1009 1373 1098; x_wconf 66' lang='lat' dir='ltr'><strong>ttqydbeo</strong></span> <span class='ocrx_word' id='word_1_9' title='bbox 1395 1033 1417 1075; x_wconf 88' lang='lat' dir='ltr'><strong>a</strong></span> 
     </span>
     <span class='ocr_line' id='line_1_2' title="bbox 300 1119 1416 1218; baseline 0.003 -37"><span class='ocrx_word' id='word_1_10' title='bbox 300 1119 527 1208; x_wconf 73' lang='lat' dir='ltr'><strong>ponncndalrnc&#39;</strong></span> <span class='ocrx_word' id='word_1_11' title='bbox 541 1119 773 1183; x_wconf 62' lang='lat' dir='ltr'><strong>azoel-morteto</strong></span> <span class='ocrx_word' id='word_1_12' title='bbox 787 1123 864 1204; x_wconf 79' lang='lat' dir='ltr'><strong>opdt</strong></span> <span class='ocrx_word' id='word_1_13' title='bbox 887 1122 918 1182; x_wconf 76' lang='lat' dir='ltr'><strong>es</strong></span> <span class='ocrx_word' id='word_1_14' title='bbox 933 1141 961 1218; x_wconf 18' lang='lat' dir='ltr'><strong>&#39;o</strong></span> <span class='ocrx_word' id='word_1_15' title='bbox 982 1122 1150 1206; x_wconf 69' lang='lat' dir='ltr'><strong>ceozprecui</strong></span> <span class='ocrx_word' id='word_1_16' title='bbox 1167 1119 1322 1204; x_wconf 76' lang='lat' dir='ltr'><strong>iodptaloc</strong></span> <span class='ocrx_word' id='word_1_17' title='bbox 1344 1119 1416 1184; x_wconf 66' lang='lat' dir='ltr'><strong>tuat</strong></span> 
     </span>
     <span class='ocr_line' id='line_1_3' title="bbox 707 1224 1005 1290; baseline 0 -2"><span class='ocrx_word' id='word_1_18' title='bbox 707 1224 892 1290; x_wconf 73' lang='lat' dir='ltr'><strong>intezkedilt.</strong></span> <span class='ocrx_word' id='word_1_19' title='bbox 910 1225 1005 1289; x_wconf 81' lang='lat'><strong><em>1224.</em></strong></span> 
     </span>
    </p>
   </div>
   <div class='ocr_carea' id='block_1_2' title="bbox 304 1369 1415 1600">
    <p class='ocr_par' dir='ltr' id='par_1_2' title="bbox 304 1369 1415 1600">
     <span class='ocr_line' id='line_1_4' title="bbox 410 1369 1415 1490; baseline -0.001 -19"><span class='ocrx_word' id='word_1_20' title='bbox 410 1404 572 1472; x_wconf 84' lang='lat' dir='ltr'><strong>Honorius</strong></span> <span class='ocrx_word' id='word_1_21' title='bbox 597 1403 775 1490; x_wconf 87' lang='lat' dir='ltr'><strong>Episcopus</strong></span> <span class='ocrx_word' id='word_1_22' title='bbox 800 1422 913 1470; x_wconf 88' lang='lat' dir='ltr'><strong>seruus</strong></span> <span class='ocrx_word' id='word_1_23' title='bbox 939 1421 1105 1470; x_wconf 79' lang='lat' dir='ltr'><strong>seruorum</strong></span> <span class='ocrx_word' id='word_1_24' title='bbox 1130 1369 1210 1488; x_wconf 88' lang='lat' dir='ltr'><strong>Dei,</strong></span> <span class='ocrx_word' id='word_1_25' title='bbox 1229 1401 1415 1471; x_wconf 81' lang='lat' dir='ltr'><strong>&#39;venerabili</strong></span> 
     </span>
     <span class='ocr_line' id='line_1_5' title="bbox 304 1510 1413 1600; baseline -0.001 -23"><span class='ocrx_word' id='word_1_26' title='bbox 304 1510 398 1578; x_wconf 87' lang='lat' dir='ltr'><strong>iratri</strong></span> <span class='ocrx_word' id='word_1_27' title='bbox 417 1559 425 1577; x_wconf 90' lang='lat'><strong>.</strong></span> <span class='ocrx_word' id='word_1_28' title='bbox 443 1562 449 1576; x_wconf 90' lang='lat'>.</span> <span class='ocrx_word' id='word_1_29' title='bbox 466 1559 475 1577; x_wconf 89' lang='lat'><strong>.</strong></span> <span class='ocrx_word' id='word_1_30' title='bbox 502 1513 665 1600; x_wconf 89' lang='lat' dir='ltr'><strong>Episcopo</strong></span> <span class='ocrx_word' id='word_1_31' title='bbox 681 1511 855 1596; x_wconf 83' lang='lat' dir='ltr'><strong>Weeiensi,</strong></span> <span class='ocrx_word' id='word_1_32' title='bbox 871 1518 905 1577; x_wconf 85' lang='lat' dir='ltr'><strong>ct</strong></span> <span class='ocrx_word' id='word_1_33' title='bbox 919 1513 1047 1580; x_wconf 89' lang='lat' dir='ltr'><strong>dilectis</strong></span> <span class='ocrx_word' id='word_1_34' title='bbox 1061 1511 1136 1579; x_wconf 86' lang='lat' dir='ltr'><strong>filiis</strong></span> <span class='ocrx_word' id='word_1_35' title='bbox 1153 1561 1161 1578; x_wconf 93' lang='lat'>.</span> <span class='ocrx_word' id='word_1_36' title='bbox 1178 1561 1186 1578; x_wconf 92' lang='lat'><strong>.</strong></span> <span class='ocrx_word' id='word_1_37' title='bbox 1203 1561 1211 1577; x_wconf 92' lang='lat'><strong>.</strong></span> <span class='ocrx_word' id='word_1_38' title='bbox 1235 1511 1355 1579; x_wconf 80' lang='lat' dir='ltr'><strong>Abbati</strong></span> <span class='ocrx_word' id='word_1_39' title='bbox 1371 1511 1413 1577; x_wconf 88' lang='lat' dir='ltr'><strong>de</strong></span> 
     </span>
    </p>
   </div>
   <div class='ocr_carea' id='block_1_3' title="bbox 278 1607 1497 2786">
    <p class='ocr_par' dir='ltr' id='par_1_3' title="bbox 278 1607 1497 2786">
     <span class='ocr_line' id='line_1_6' title="bbox 304 1607 1413 1708; baseline -0.004 -18"><span class='ocrx_word' id='word_1_40' title='bbox 304 1621 399 1690; x_wconf 89' lang='lat' dir='ltr'><strong>Peles</strong></span> <span class='ocrx_word' id='word_1_41' title='bbox 415 1629 447 1688; x_wconf 91' lang='lat' dir='ltr'><strong>et</strong></span> <span class='ocrx_word' id='word_1_42' title='bbox 462 1669 470 1686; x_wconf 91' lang='lat'><strong>.</strong></span> <span class='ocrx_word' id='word_1_43' title='bbox 487 1667 495 1686; x_wconf 90' lang='lat'><strong>.</strong></span> <span class='ocrx_word' id='word_1_44' title='bbox 512 1670 520 1686; x_wconf 89' lang='lat'><strong>.</strong></span> <span class='ocrx_word' id='word_1_45' title='bbox 536 1619 774 1689; x_wconf 87' lang='lat' dir='ltr'><strong>Archidiacono</strong></span> <span class='ocrx_word' id='word_1_46' title='bbox 786 1607 947 1702; x_wconf 83' lang='lat' dir='ltr'><strong>Pestiensi</strong></span> <span class='ocrx_word' id='word_1_47' title='bbox 956 1621 1206 1708; x_wconf 82' lang='lat' dir='ltr'><strong>vesprimiensis</strong></span> <span class='ocrx_word' id='word_1_48' title='bbox 1221 1627 1254 1686; x_wconf 88' lang='lat' dir='ltr'><strong>et</strong></span> <span class='ocrx_word' id='word_1_49' title='bbox 1263 1619 1413 1686; x_wconf 87' lang='lat' dir='ltr'><strong>Wacien·</strong></span> 
     </span>
     <span class='ocr_line' id='line_1_7' title="bbox 303 1725 1413 1814; baseline -0.005 -17"><span class='ocrx_word' id='word_1_50' title='bbox 303 1729 348 1797; x_wconf 90' lang='lat' dir='ltr'><strong>sis</strong></span> <span class='ocrx_word' id='word_1_51' title='bbox 373 1727 541 1812; x_wconf 89' lang='lat' dir='ltr'><strong>Diocesis,</strong></span> <span class='ocrx_word' id='word_1_52' title='bbox 569 1729 707 1795; x_wconf 89' lang='lat' dir='ltr'><strong>salutem</strong></span> <span class='ocrx_word' id='word_1_53' title='bbox 732 1735 764 1793; x_wconf 90' lang='lat' dir='ltr'><strong>et</strong></span> <span class='ocrx_word' id='word_1_54' title='bbox 780 1727 1007 1814; x_wconf 84' lang='lat' dir='ltr'><strong>&#39;Apostolioam</strong></span> <span class='ocrx_word' id='word_1_55' title='bbox 1036 1727 1301 1796; x_wconf 78' lang='lat' dir='ltr'><strong>benedictionem.</strong></span> <span class='ocrx_word' id='word_1_56' title='bbox 1333 1725 1413 1793; x_wconf 81' lang='lat' dir='ltr'><strong>(lum</strong></span> 
     </span>
     <span class='ocr_line' id='line_1_8' title="bbox 302 1833 1412 1910; baseline -0.004 -6"><span class='ocrx_word' id='word_1_57' title='bbox 302 1838 379 1904; x_wconf 93' lang='lat' dir='ltr'><strong>olim</strong></span> <span class='ocrx_word' id='word_1_58' title='bbox 396 1885 403 1900; x_wconf 95' lang='lat'><strong>.</strong></span> <span class='ocrx_word' id='word_1_59' title='bbox 420 1885 429 1902; x_wconf 91' lang='lat'><strong>.</strong></span> <span class='ocrx_word' id='word_1_60' title='bbox 446 1836 583 1904; x_wconf 80' lang='lat' dir='ltr'><strong>.Abbas</strong></span> <span class='ocrx_word' id='word_1_61' title='bbox 598 1843 631 1903; x_wconf 87' lang='lat' dir='ltr'><strong>et</strong></span> <span class='ocrx_word' id='word_1_62' title='bbox 647 1837 831 1904; x_wconf 84' lang='lat' dir='ltr'><strong>Oouuentns</strong></span> <span class='ocrx_word' id='word_1_63' title='bbox 848 1837 959 1904; x_wconf 88' lang='lat' dir='ltr'><strong>Sancti</strong></span> <span class='ocrx_word' id='word_1_64' title='bbox 974 1837 1105 1910; x_wconf 86' lang='lat' dir='ltr'><strong>Martini</strong></span> <span class='ocrx_word' id='word_1_65' title='bbox 1121 1833 1162 1902; x_wconf 91' lang='lat' dir='ltr'><strong>de</strong></span> <span class='ocrx_word' id='word_1_66' title='bbox 1177 1835 1346 1902; x_wconf 80' lang='lat' dir='ltr'><strong>Pannonis</strong></span> <span class='ocrx_word' id='word_1_67' title='bbox 1361 1853 1412 1900; x_wconf 90' lang='lat' dir='ltr'><strong>sn·</strong></span> 
     </span>
     <span class='ocr_line' id='line_1_9' title="bbox 301 1941 1412 2034; baseline -0.003 -23"><span class='ocrx_word' id='word_1_68' title='bbox 301 1963 358 2032; x_wconf 88' lang='lat' dir='ltr'><strong>per</strong></span> <span class='ocrx_word' id='word_1_69' title='bbox 375 1945 594 2029; x_wconf 77' lang='lat' dir='ltr'>questionibus</span> <span class='ocrx_word' id='word_1_70' title='bbox 610 1946 706 2012; x_wconf 90' lang='lat' dir='ltr'><strong>motis</strong></span> <span class='ocrx_word' id='word_1_71' title='bbox 723 1946 766 2012; x_wconf 83' lang='lat' dir='ltr'><strong>ab</strong></span> <span class='ocrx_word' id='word_1_72' title='bbox 783 1946 835 2034; x_wconf 89' lang='lat' dir='ltr'><strong>eis</strong></span> <span class='ocrx_word' id='word_1_73' title='bbox 847 1952 959 2012; x_wconf 88' lang='lat' dir='ltr'><strong>contra</strong></span> <span class='ocrx_word' id='word_1_74' title='bbox 974 1943 1213 2030; x_wconf 82' lang='lat' dir='ltr'><strong>Vesprimiense</strong></span> <span class='ocrx_word' id='word_1_75' title='bbox 1230 1941 1412 2028; x_wconf 76' lang='lat' dir='ltr'><strong>Capitulum</strong></span> 
     </span>
     <span class='ocr_line' id='line_1_10' title="bbox 301 2035 1473 2139; baseline -0.005 -19"><span class='ocrx_word' id='word_1_76' title='bbox 301 2071 397 2139; x_wconf 86' lang='lat' dir='ltr'><strong>snper</strong></span> <span class='ocrx_word' id='word_1_77' title='bbox 413 2053 563 2119; x_wconf 74' lang='lat' dir='ltr'><strong>Ecclesia</strong></span> <span class='ocrx_word' id='word_1_78' title='bbox 579 2053 691 2120; x_wconf 80' lang='lat' dir='ltr'><strong>Sancti</strong></span> <span class='ocrx_word' id='word_1_79' title='bbox 707 2045 890 2119; x_wconf 84' lang='lat' dir='ltr'><strong>Scluatoris</strong></span> <span class='ocrx_word' id='word_1_80' title='bbox 906 2035 948 2118; x_wconf 90' lang='lat' dir='ltr'><strong>dc</strong></span> <span class='ocrx_word' id='word_1_81' title='bbox 963 2051 1051 2117; x_wconf 77' lang='lat' dir='ltr'><strong>&#39;iord</strong></span> <span class='ocrx_word' id='word_1_82' title='bbox 1066 2057 1099 2116; x_wconf 92' lang='lat' dir='ltr'><strong>et</strong></span> <span class='ocrx_word' id='word_1_83' title='bbox 1115 2045 1308 2134; x_wconf 87' lang='lat' dir='ltr'><strong>quibusdam</strong></span> <span class='ocrx_word' id='word_1_84' title='bbox 1324 2049 1411 2116; x_wconf 88' lang='lat' dir='ltr'><strong>deci-</strong></span> <span class='ocrx_word' id='word_1_85' title='bbox 1470 2045 1473 2056; x_wconf 89' lang='lat'>&#39;</span> 
     </span>
     <span class='ocr_line' id='line_1_11' title="bbox 301 2157 1410 2245; baseline -0.003 -19"><span class='ocrx_word' id='word_1_86' title='bbox 301 2161 361 2227; x_wconf 78' lang='lat' dir='ltr'><strong>mio</strong></span> <span class='ocrx_word' id='word_1_87' title='bbox 378 2160 418 2226; x_wconf 91' lang='lat' dir='ltr'><strong>de</strong></span> <span class='ocrx_word' id='word_1_88' title='bbox 434 2159 620 2242; x_wconf 72' lang='lat' dir='ltr'>simigiensi</span> <span class='ocrx_word' id='word_1_89' title='bbox 635 2161 797 2228; x_wconf 79' lang='lat' dir='ltr'><strong>Comitatn</strong></span> <span class='ocrx_word' id='word_1_90' title='bbox 812 2162 907 2245; x_wconf 88' lang='lat' dir='ltr'><strong>plene</strong></span> <span class='ocrx_word' id='word_1_91' title='bbox 921 2161 1004 2245; x_wconf 87' lang='lat' dir='ltr'><strong>ipsis</strong></span> <span class='ocrx_word' id='word_1_92' title='bbox 1023 2157 1284 2244; x_wconf 85' lang='lat' dir='ltr'><strong>prouenientibus</strong></span> <span class='ocrx_word' id='word_1_93' title='bbox 1293 2208 1302 2242; x_wconf 92' lang='lat'><strong>,</strong></span> <span class='ocrx_word' id='word_1_94' title='bbox 1327 2175 1410 2240; x_wconf 85' lang='lat' dir='ltr'><strong>quas</strong></span> 
     </span>
     <span class='ocr_line' id='line_1_12' title="bbox 301 2265 1412 2354; baseline -0.002 -20"><span class='ocrx_word' id='word_1_95' title='bbox 301 2265 473 2335; x_wconf 81' lang='lat' dir='ltr'><strong>occasione</strong></span> <span class='ocrx_word' id='word_1_96' title='bbox 488 2267 635 2334; x_wconf 82' lang='lat' dir='ltr'><strong>Ecclesia</strong></span> <span class='ocrx_word' id='word_1_97' title='bbox 652 2266 763 2334; x_wconf 85' lang='lat' dir='ltr'><strong>Sancti</strong></span> <span class='ocrx_word' id='word_1_98' title='bbox 778 2265 975 2354; x_wconf 81' lang='lat' dir='ltr'><strong>Apollinaris</strong></span> <span class='ocrx_word' id='word_1_99' title='bbox 995 2265 1081 2334; x_wconf 86' lang='lat' dir='ltr'><strong>idem</strong></span> <span class='ocrx_word' id='word_1_100' title='bbox 1098 2267 1280 2353; x_wconf 78' lang='lat' dir='ltr'><strong>Capitulum</strong></span> <span class='ocrx_word' id='word_1_101' title='bbox 1295 2265 1412 2332; x_wconf 85' lang='lat' dir='ltr'><strong>dicitnr</strong></span> 
     </span>
     <span class='ocr_line' id='line_1_13' title="bbox 300 2366 1409 2460; baseline -0.004 -18"><span class='ocrx_word' id='word_1_102' title='bbox 300 2393 474 2460; x_wconf 84' lang='lat' dir='ltr'><strong>usurpare,</strong></span> <span class='ocrx_word' id='word_1_103' title='bbox 491 2366 589 2459; x_wconf 84' lang='lat' dir='ltr'><strong>super</strong></span> <span class='ocrx_word' id='word_1_104' title='bbox 603 2373 793 2458; x_wconf 86' lang='lat' dir='ltr'><strong>quibusdam</strong></span> <span class='ocrx_word' id='word_1_105' title='bbox 809 2374 943 2442; x_wconf 84' lang='lat' dir='ltr'><strong>decimis</strong></span> <span class='ocrx_word' id='word_1_106' title='bbox 959 2395 1068 2442; x_wconf 85' lang='lat' dir='ltr'><strong>eoram</strong></span> <span class='ocrx_word' id='word_1_107' title='bbox 1084 2376 1201 2442; x_wconf 88' lang='lat' dir='ltr'><strong>dilecto</strong></span> <span class='ocrx_word' id='word_1_108' title='bbox 1216 2373 1283 2442; x_wconf 85' lang='lat' dir='ltr'><strong>filio</strong></span> <span class='ocrx_word' id='word_1_109' title='bbox 1299 2381 1409 2440; x_wconf 71' lang='lat' dir='ltr'><strong>nonno</strong></span> 
     </span>
     <span class='ocr_line' id='line_1_14' title="bbox 301 2479 1497 2571; baseline -0.002 -23"><span class='ocrx_word' id='word_1_110' title='bbox 301 2479 487 2571; x_wconf 81' lang='lat' dir='ltr'><strong>G(regorio)</strong></span> <span class='ocrx_word' id='word_1_111' title='bbox 511 2484 624 2551; x_wconf 86' lang='lat' dir='ltr'><strong>Sancti</strong></span> <span class='ocrx_word' id='word_1_112' title='bbox 640 2485 800 2552; x_wconf 83' lang='lat' dir='ltr'><strong>Theodori</strong></span> <span class='ocrx_word' id='word_1_113' title='bbox 816 2485 962 2552; x_wconf 82' lang='lat' dir='ltr'><strong>Diacono</strong></span> <span class='ocrx_word' id='word_1_114' title='bbox 980 2483 1173 2570; x_wconf 80' lang='lat' dir='ltr'><strong>Cardinale,</strong></span> <span class='ocrx_word' id='word_1_115' title='bbox 1196 2490 1272 2550; x_wconf 89' lang='lat' dir='ltr'><strong>tune</strong></span> <span class='ocrx_word' id='word_1_116' title='bbox 1295 2481 1412 2567; x_wconf 79' lang='lat' dir='ltr'><strong>Capel-</strong></span> <span class='ocrx_word' id='word_1_117' title='bbox 1493 2561 1497 2568; x_wconf 26' lang='grc' dir='ltr'>Ι</span> 
     </span>
     <span class='ocr_line' id='line_1_15' title="bbox 299 2579 1411 2681; baseline 0.001 -25"><span class='ocrx_word' id='word_1_118' title='bbox 299 2591 378 2657; x_wconf 85' lang='lat' dir='ltr'><strong>lano·</strong></span> <span class='ocrx_word' id='word_1_119' title='bbox 391 2589 495 2658; x_wconf 89' lang='lat' dir='ltr'><strong>ielicis</strong></span> <span class='ocrx_word' id='word_1_120' title='bbox 510 2592 744 2659; x_wconf 87' lang='lat' dir='ltr'><strong>recordationis</strong></span> <span class='ocrx_word' id='word_1_121' title='bbox 759 2591 970 2681; x_wconf 89' lang='lat' dir='ltr'><strong>I(nnoeentii)</strong></span> <span class='ocrx_word' id='word_1_122' title='bbox 993 2595 1084 2678; x_wconf 88' lang='lat' dir='ltr'><strong>Pape</strong></span> <span class='ocrx_word' id='word_1_123' title='bbox 1099 2579 1340 2677; x_wconf 76' lang='lat' dir='ltr'><strong>predecessoris</strong></span> <span class='ocrx_word' id='word_1_124' title='bbox 1354 2611 1411 2657; x_wconf 79' lang='lat' dir='ltr'><strong>nc</strong></span> 
     </span>
     <span class='ocr_line' id='line_1_16' title="bbox 278 2698 1410 2786; baseline 0.005 -26"><span class='ocrx_word' id='word_1_125' title='bbox 278 2699 359 2765; x_wconf 49' lang='lat' dir='ltr'><strong>istri</strong></span> <span class='ocrx_word' id='word_1_126' title='bbox 374 2700 414 2765; x_wconf 90' lang='lat' dir='ltr'><strong>lis</strong></span> <span class='ocrx_word' id='word_1_127' title='bbox 429 2698 535 2766; x_wconf 83' lang='lat' dir='ltr'><strong>extitit</strong></span> <span class='ocrx_word' id='word_1_128' title='bbox 550 2701 637 2785; x_wconf 85' lang='lat' dir='ltr'><strong>apud</strong></span> <span class='ocrx_word' id='word_1_129' title='bbox 651 2701 768 2768; x_wconf 90' lang='lat' dir='ltr'><strong>Sedem</strong></span> <span class='ocrx_word' id='word_1_130' title='bbox 784 2703 1007 2786; x_wconf 84' lang='lat' dir='ltr'><strong>Apostolicom</strong></span> <span class='ocrx_word' id='word_1_131' title='bbox 1023 2701 1133 2768; x_wconf 82' lang='lat' dir='ltr'><strong>taliter</strong></span> <span class='ocrx_word' id='word_1_132' title='bbox 1149 2706 1351 2782; x_wconf 86' lang='lat' dir='ltr'><strong>contestata,</strong></span> <span class='ocrx_word' id='word_1_133' title='bbox 1374 2707 1410 2767; x_wconf 93' lang='lat' dir='ltr'><strong>nt</strong></span> 
     </span>
    </p>
   </div>
   <div class='ocr_carea' id='block_1_4' title="bbox 222 2804 1603 2892">
    <p class='ocr_par' dir='ltr' id='par_1_4' title="bbox 222 2804 1603 2892">
     <span class='ocr_line' id='line_1_17' title="bbox 222 2804 1603 2892; baseline 0.003 -22"><span class='ocrx_word' id='word_1_134' title='bbox 222 2880 223 2884; x_wconf 7' lang='grc' dir='ltr'><strong>Ἰ</strong></span> <span class='ocrx_word' id='word_1_135' title='bbox 300 2805 328 2871; x_wconf 92' lang='lat' dir='ltr'><strong>si</strong></span> <span class='ocrx_word' id='word_1_136' title='bbox 344 2804 524 2891; x_wconf 82' lang='lat' dir='ltr'><strong>capitulum</strong></span> <span class='ocrx_word' id='word_1_137' title='bbox 541 2809 747 2891; x_wconf 81' lang='lat' dir='ltr'><strong>exceptiones</strong></span> <span class='ocrx_word' id='word_1_138' title='bbox 763 2827 862 2888; x_wconf 79' lang='lat' dir='ltr'><strong>onas,</strong></span> <span class='ocrx_word' id='word_1_139' title='bbox 880 2808 1005 2874; x_wconf 87' lang='lat' dir='ltr'><strong>scilicet</strong></span> <span class='ocrx_word' id='word_1_140' title='bbox 1020 2807 1360 2892; x_wconf 85' lang='lat' dir='ltr'><strong>excommunicationis</strong></span> <span class='ocrx_word' id='word_1_141' title='bbox 1375 2807 1410 2874; x_wconf 91' lang='lat' dir='ltr'><strong>in</strong></span> <span class='ocrx_word' id='word_1_142' title='bbox 1463 2855 1467 2866; x_wconf 91' lang='lat'><em>.</em></span> <span class='ocrx_word' id='word_1_143' title='bbox 1602 2827 1603 2874; x_wconf 62' lang='grc' dir='ltr'><strong>ι</strong></span> 
     </span>
    </p>
   </div>
   <div class='ocr_carea' id='block_1_5' title="bbox 269 2913 1475 4738">
    <p class='ocr_par' dir='ltr' id='par_1_5' title="bbox 290 2913 1475 4628">
     <span class='ocr_line' id='line_1_18' title="bbox 299 2913 1409 3000; baseline 0.005 -23"><span class='ocrx_word' id='word_1_144' title='bbox 299 2931 472 2998; x_wconf 80' lang='lat' dir='ltr'><strong>personam</strong></span> <span class='ocrx_word' id='word_1_145' title='bbox 487 2913 634 3000; x_wconf 80' lang='lat' dir='ltr'><strong>Abbatis,</strong></span> <span class='ocrx_word' id='word_1_146' title='bbox 650 2921 684 2981; x_wconf 92' lang='lat' dir='ltr'><strong>et</strong></span> <span class='ocrx_word' id='word_1_147' title='bbox 698 2917 783 2999; x_wconf 87' lang='lat' dir='ltr'><strong>quod</strong></span> <span class='ocrx_word' id='word_1_148' title='bbox 797 2915 1040 2986; x_wconf 83' lang='lat' dir='ltr'><strong>hominessuos</strong></span> <span class='ocrx_word' id='word_1_149' title='bbox 1057 2917 1157 2984; x_wconf 86' lang='lat' dir='ltr'><strong>bobus</strong></span> <span class='ocrx_word' id='word_1_150' title='bbox 1174 2924 1207 2983; x_wconf 89' lang='lat' dir='ltr'><strong>et</strong></span> <span class='ocrx_word' id='word_1_151' title='bbox 1220 2917 1318 2984; x_wconf 85' lang='lat' dir='ltr'><strong>rebus</strong></span> <span class='ocrx_word' id='word_1_152' title='bbox 1334 2915 1409 2982; x_wconf 80' lang='lat' dir='ltr'><strong>aliis</strong></span> 
     </span>
     <span class='ocr_line' id='line_1_19' title="bbox 299 3004 1408 3111; baseline 0.001 -23"><span class='ocrx_word' id='word_1_153' title='bbox 299 3005 490 3107; x_wconf 82' lang='lat' dir='ltr'><strong>spoliauerit</strong></span> <span class='ocrx_word' id='word_1_154' title='bbox 505 3004 610 3090; x_wconf 79' lang='lat' dir='ltr'><strong>dictus</strong></span> <span class='ocrx_word' id='word_1_155' title='bbox 625 3023 747 3109; x_wconf 86' lang='lat' dir='ltr'><strong>Abbas,</strong></span> <span class='ocrx_word' id='word_1_156' title='bbox 765 3033 875 3108; x_wconf 88' lang='lat' dir='ltr'><strong>posset</strong></span> <span class='ocrx_word' id='word_1_157' title='bbox 891 3027 1029 3111; x_wconf 88' lang='lat' dir='ltr'><strong>probare</strong></span> <span class='ocrx_word' id='word_1_158' title='bbox 1045 3025 1198 3110; x_wconf 78' lang='lat' dir='ltr'><strong>legitimis</strong></span> <span class='ocrx_word' id='word_1_159' title='bbox 1218 3024 1285 3091; x_wconf 91' lang='lat' dir='ltr'><strong>litis</strong></span> <span class='ocrx_word' id='word_1_160' title='bbox 1301 3031 1408 3091; x_wconf 77' lang='lat' dir='ltr'><strong>ceute</strong></span> 
     </span>
     <span class='ocr_line' id='line_1_20' title="bbox 298 3127 1407 3222; baseline 0.002 -28"><span class='ocrx_word' id='word_1_161' title='bbox 298 3129 491 3196; x_wconf 88' lang='lat' dir='ltr'><strong>stationibus</strong></span> <span class='ocrx_word' id='word_1_162' title='bbox 508 3137 539 3196; x_wconf 89' lang='lat' dir='ltr'><strong>et</strong></span> <span class='ocrx_word' id='word_1_163' title='bbox 554 3131 697 3218; x_wconf 80' lang='lat' dir='ltr'><strong>ualeret,</strong></span> <span class='ocrx_word' id='word_1_164' title='bbox 714 3151 853 3199; x_wconf 91' lang='lat' dir='ltr'><strong>necnon</strong></span> <span class='ocrx_word' id='word_1_165' title='bbox 870 3142 903 3200; x_wconf 89' lang='lat' dir='ltr'><strong>et</strong></span> <span class='ocrx_word' id='word_1_166' title='bbox 919 3127 1013 3222; x_wconf 88' lang='lat' dir='ltr'><strong>super</strong></span> <span class='ocrx_word' id='word_1_167' title='bbox 1029 3132 1222 3218; x_wconf 84' lang='lat' dir='ltr'><strong>quibusdam</strong></span> <span class='ocrx_word' id='word_1_168' title='bbox 1238 3131 1314 3198; x_wconf 86' lang='lat' dir='ltr'><strong>aliis</strong></span> <span class='ocrx_word' id='word_1_169' title='bbox 1328 3131 1407 3196; x_wconf 90' lang='lat' dir='ltr'><strong>iniu-</strong></span> 
     </span>
     <span class='ocr_line' id='line_1_21' title="bbox 298 3238 1409 3328; baseline -0.004 -22"><span class='ocrx_word' id='word_1_170' title='bbox 298 3238 356 3306; x_wconf 87' lang='lat' dir='ltr'><strong>riis</strong></span> <span class='ocrx_word' id='word_1_171' title='bbox 372 3238 528 3308; x_wconf 86' lang='lat' dir='ltr'><strong>aduersus</strong></span> <span class='ocrx_word' id='word_1_172' title='bbox 544 3241 722 3327; x_wconf 89' lang='lat' dir='ltr'><strong>predictum</strong></span> <span class='ocrx_word' id='word_1_173' title='bbox 739 3242 942 3328; x_wconf 78' lang='lat' dir='ltr'><strong>Capitulum,</strong></span> <span class='ocrx_word' id='word_1_174' title='bbox 971 3251 1004 3310; x_wconf 91' lang='lat' dir='ltr'><strong>et</strong></span> <span class='ocrx_word' id='word_1_175' title='bbox 1028 3243 1136 3310; x_wconf 87' lang='lat' dir='ltr'><strong>causis</strong></span> <span class='ocrx_word' id='word_1_176' title='bbox 1156 3259 1236 3325; x_wconf 86' lang='lat' dir='ltr'><strong>quas</strong></span> <span class='ocrx_word' id='word_1_177' title='bbox 1252 3239 1409 3307; x_wconf 85' lang='lat' dir='ltr'><strong>haberent</strong></span> 
     </span>
     <span class='ocr_line' id='line_1_22' title="bbox 296 3347 1407 3436; baseline -0.001 -23"><span class='ocrx_word' id='word_1_178' title='bbox 296 3347 455 3423; x_wconf 83' lang='lat' dir='ltr'><strong>aduersus</strong></span> <span class='ocrx_word' id='word_1_179' title='bbox 472 3349 628 3433; x_wconf 83' lang='lat' dir='ltr'><strong>quosdam</strong></span> <span class='ocrx_word' id='word_1_180' title='bbox 644 3350 727 3418; x_wconf 86' lang='lat' dir='ltr'><strong>alios</strong></span> <span class='ocrx_word' id='word_1_181' title='bbox 736 3401 746 3436; x_wconf 93' lang='lat'><strong>,</strong></span> <span class='ocrx_word' id='word_1_182' title='bbox 772 3351 1042 3420; x_wconf 79' lang='lat' dir='ltr'><strong>Archidiaconum</strong></span> <span class='ocrx_word' id='word_1_183' title='bbox 1058 3349 1226 3434; x_wconf 89' lang='lat' dir='ltr'><strong>uidelicet,</strong></span> <span class='ocrx_word' id='word_1_184' title='bbox 1251 3347 1407 3415; x_wconf 87' lang='lat' dir='ltr'><strong>Rectores</strong></span> 
     </span>
     <span class='ocr_line' id='line_1_23' title="bbox 296 3457 1406 3545; baseline -0.001 -23"><span class='ocrx_word' id='word_1_185' title='bbox 296 3457 515 3525; x_wconf 80' lang='lat' dir='ltr'><strong>Ecclesiamm</strong></span> <span class='ocrx_word' id='word_1_186' title='bbox 540 3463 572 3526; x_wconf 88' lang='lat' dir='ltr'><strong>et</strong></span> <span class='ocrx_word' id='word_1_187' title='bbox 593 3459 792 3544; x_wconf 87' lang='lat' dir='ltr'><strong>presbiteros</strong></span> <span class='ocrx_word' id='word_1_188' title='bbox 809 3479 846 3526; x_wconf 89' lang='lat' dir='ltr'><strong>ac</strong></span> <span class='ocrx_word' id='word_1_189' title='bbox 862 3461 1001 3545; x_wconf 88' lang='lat' dir='ltr'><strong>populos</strong></span> <span class='ocrx_word' id='word_1_190' title='bbox 1018 3459 1195 3526; x_wconf 77' lang='lat' dir='ltr'><strong>Comitatus</strong></span> <span class='ocrx_word' id='word_1_191' title='bbox 1209 3457 1350 3542; x_wconf 85' lang='lat' dir='ltr'><strong>prelati,</strong></span> <span class='ocrx_word' id='word_1_192' title='bbox 1373 3461 1406 3522; x_wconf 91' lang='lat' dir='ltr'><strong>et</strong></span> 
     </span>
     <span class='ocr_line' id='line_1_24' title="bbox 296 3563 1475 3650; baseline -0.003 -18"><span class='ocrx_word' id='word_1_193' title='bbox 296 3583 394 3650; x_wconf 89' lang='lat' dir='ltr'><strong>super</strong></span> <span class='ocrx_word' id='word_1_194' title='bbox 408 3565 598 3649; x_wconf 84' lang='lat' dir='ltr'><strong>quibusdam</strong></span> <span class='ocrx_word' id='word_1_195' title='bbox 624 3567 758 3634; x_wconf 86' lang='lat' dir='ltr'><strong>decimis</strong></span> <span class='ocrx_word' id='word_1_196' title='bbox 782 3571 816 3634; x_wconf 91' lang='lat' dir='ltr'><strong>et</strong></span> <span class='ocrx_word' id='word_1_197' title='bbox 840 3569 938 3635; x_wconf 87' lang='lat' dir='ltr'><strong>rebus</strong></span> <span class='ocrx_word' id='word_1_198' title='bbox 958 3565 1032 3634; x_wconf 81' lang='lat' dir='ltr'><strong>aliis</strong></span> <span class='ocrx_word' id='word_1_199' title='bbox 1048 3567 1092 3632; x_wconf 89' lang='lat' dir='ltr'><strong>ad</strong></span> <span class='ocrx_word' id='word_1_200' title='bbox 1107 3565 1253 3633; x_wconf 90' lang='lat' dir='ltr'><strong>diuersos</strong></span> <span class='ocrx_word' id='word_1_201' title='bbox 1279 3563 1404 3630; x_wconf 87' lang='lat' dir='ltr'><strong>iudices</strong></span> <span class='ocrx_word' id='word_1_202' title='bbox 1471 3609 1475 3619; x_wconf 32' lang='lat' dir='ltr'><strong>t</strong></span> 
     </span>
     <span class='ocr_line' id='line_1_25' title="bbox 297 3671 1404 3760; baseline -0.001 -22"><span class='ocrx_word' id='word_1_203' title='bbox 297 3672 446 3742; x_wconf 71' lang='lat' dir='ltr'><strong>Euenus</strong></span> <span class='ocrx_word' id='word_1_204' title='bbox 462 3693 483 3740; x_wconf 89' lang='lat' dir='ltr'><strong>a</strong></span> <span class='ocrx_word' id='word_1_205' title='bbox 499 3673 584 3743; x_wconf 82' lang='lat' dir='ltr'><strong>Sede</strong></span> <span class='ocrx_word' id='word_1_206' title='bbox 599 3674 788 3760; x_wconf 76' lang='lat' dir='ltr'><strong>Apostolica</strong></span> <span class='ocrx_word' id='word_1_207' title='bbox 802 3676 928 3744; x_wconf 87' lang='lat' dir='ltr'><strong>litteras</strong></span> <span class='ocrx_word' id='word_1_208' title='bbox 944 3673 1166 3743; x_wconf 84' lang='lat' dir='ltr'><strong>commissinos</strong></span> <span class='ocrx_word' id='word_1_209' title='bbox 1192 3671 1404 3757; x_wconf 85' lang='lat' dir='ltr'><strong>impetrarint,</strong></span> 
     </span>
     <span class='ocr_line' id='line_1_26' title="bbox 297 3781 1406 3871; baseline -0.002 -24"><span class='ocrx_word' id='word_1_210' title='bbox 297 3799 357 3848; x_wconf 88' lang='lat' dir='ltr'><strong>nec</strong></span> <span class='ocrx_word' id='word_1_211' title='bbox 370 3799 430 3867; x_wconf 88' lang='lat' dir='ltr'><strong>per</strong></span> <span class='ocrx_word' id='word_1_212' title='bbox 444 3801 500 3850; x_wconf 91' lang='lat' dir='ltr'><strong>eos</strong></span> <span class='ocrx_word' id='word_1_213' title='bbox 524 3801 621 3871; x_wconf 87' lang='lat' dir='ltr'><strong>super</strong></span> <span class='ocrx_word' id='word_1_214' title='bbox 644 3784 816 3871; x_wconf 83' lang='lat' dir='ltr'><strong>predictis,</strong></span> <span class='ocrx_word' id='word_1_215' title='bbox 842 3805 900 3871; x_wconf 91' lang='lat' dir='ltr'><strong>pro</strong></span> <span class='ocrx_word' id='word_1_216' title='bbox 924 3785 1038 3871; x_wconf 84' lang='lat' dir='ltr'><strong>quibus</strong></span> <span class='ocrx_word' id='word_1_217' title='bbox 1063 3783 1229 3850; x_wconf 82' lang='lat' dir='ltr'><strong>sexdecim</strong></span> <span class='ocrx_word' id='word_1_218' title='bbox 1252 3781 1347 3849; x_wconf 88' lang='lat' dir='ltr'><strong>annis</strong></span> <span class='ocrx_word' id='word_1_219' title='bbox 1373 3785 1406 3845; x_wconf 90' lang='lat' dir='ltr'><strong>et</strong></span> 
     </span>
     <span class='ocr_line' id='line_1_27' title="bbox 295 3889 1403 3980; baseline -0.002 -24"><span class='ocrx_word' id='word_1_220' title='bbox 295 3891 435 3978; x_wconf 85' lang='lat' dir='ltr'><strong>amplius</strong></span> <span class='ocrx_word' id='word_1_221' title='bbox 451 3897 602 3958; x_wconf 85' lang='lat' dir='ltr'><strong>asserunt</strong></span> <span class='ocrx_word' id='word_1_222' title='bbox 616 3889 770 3959; x_wconf 87' lang='lat' dir='ltr'><strong>inutiliter</strong></span> <span class='ocrx_word' id='word_1_223' title='bbox 785 3894 977 3980; x_wconf 83' lang='lat' dir='ltr'><strong>laboratum,</strong></span> <span class='ocrx_word' id='word_1_224' title='bbox 994 3893 1073 3961; x_wconf 93' lang='lat' dir='ltr'><strong>dicti</strong></span> <span class='ocrx_word' id='word_1_225' title='bbox 1085 3893 1197 3960; x_wconf 71' lang='lat' dir='ltr'><strong>abbas</strong></span> <span class='ocrx_word' id='word_1_226' title='bbox 1214 3889 1403 3957; x_wconf 81' lang='lat' dir='ltr'><strong>etOonuen-</strong></span> 
     </span>
     <span class='ocr_line' id='line_1_28' title="bbox 295 3997 1402 4087; baseline 0 -22"><span class='ocrx_word' id='word_1_227' title='bbox 295 4005 348 4066; x_wconf 87' lang='lat' dir='ltr'><strong>tns</strong></span> <span class='ocrx_word' id='word_1_228' title='bbox 365 4017 456 4066; x_wconf 78' lang='lat' dir='ltr'><strong>snam</strong></span> <span class='ocrx_word' id='word_1_229' title='bbox 471 3997 626 4066; x_wconf 87' lang='lat' dir='ltr'><strong>iustitiam</strong></span> <span class='ocrx_word' id='word_1_230' title='bbox 641 4006 812 4085; x_wconf 88' lang='lat' dir='ltr'><strong>potnerunt</strong></span> <span class='ocrx_word' id='word_1_231' title='bbox 827 4001 992 4087; x_wconf 87' lang='lat' dir='ltr'><strong>obtinere,</strong></span> <span class='ocrx_word' id='word_1_232' title='bbox 1007 4021 1067 4070; x_wconf 85' lang='lat' dir='ltr'><strong>nos</strong></span> <span class='ocrx_word' id='word_1_233' title='bbox 1082 4001 1125 4068; x_wconf 89' lang='lat' dir='ltr'><strong>de</strong></span> <span class='ocrx_word' id='word_1_234' title='bbox 1140 3999 1285 4086; x_wconf 86' lang='lat' dir='ltr'><strong>ipsorum</strong></span> <span class='ocrx_word' id='word_1_235' title='bbox 1301 4005 1334 4065; x_wconf 87' lang='lat' dir='ltr'><strong>et</strong></span> <span class='ocrx_word' id='word_1_236' title='bbox 1348 4017 1402 4066; x_wconf 82' lang='lat' dir='ltr'><strong>vc·</strong></span> 
     </span>
     <span class='ocr_line' id='line_1_29' title="bbox 291 4105 1404 4194; baseline -0.002 -20"><span class='ocrx_word' id='word_1_237' title='bbox 291 4105 449 4175; x_wconf 76' lang='lat' dir='ltr'><strong>notabilis</strong></span> <span class='ocrx_word' id='word_1_238' title='bbox 473 4105 583 4180; x_wconf 80' lang='lat' dir='ltr'><strong>fratris</strong></span> <span class='ocrx_word' id='word_1_239' title='bbox 606 4109 780 4175; x_wconf 85' lang='lat' dir='ltr'><strong>nostri...</strong></span> <span class='ocrx_word' id='word_1_240' title='bbox 809 4107 1044 4194; x_wconf 82' lang='lat' dir='ltr'><strong>Strigoniensis</strong></span> <span class='ocrx_word' id='word_1_241' title='bbox 1061 4105 1307 4194; x_wconf 86' lang='lat' dir='ltr'><strong>Archiepiscopi</strong></span> <span class='ocrx_word' id='word_1_242' title='bbox 1329 4112 1404 4172; x_wconf 92' lang='lat' dir='ltr'><strong>tnnc</strong></span> 
     </span>
     <span class='ocr_line' id='line_1_30' title="bbox 291 4201 1404 4302; baseline 0 -21"><span class='ocrx_word' id='word_1_243' title='bbox 291 4213 445 4301; x_wconf 83' lang='lat' dir='ltr'><strong>Episcopi</strong></span> <span class='ocrx_word' id='word_1_244' title='bbox 460 4201 708 4302; x_wconf 78' lang='lat' dir='ltr'><strong>vesprimiensis</strong></span> <span class='ocrx_word' id='word_1_245' title='bbox 723 4235 861 4286; x_wconf 83' lang='lat' dir='ltr'><strong>assensu</strong></span> <span class='ocrx_word' id='word_1_246' title='bbox 875 4217 953 4302; x_wconf 91' lang='lat' dir='ltr'><strong>tibi,</strong></span> <span class='ocrx_word' id='word_1_247' title='bbox 969 4217 1070 4285; x_wconf 82' lang='lat' dir='ltr'><strong>irater</strong></span> <span class='ocrx_word' id='word_1_248' title='bbox 1084 4215 1285 4300; x_wconf 86' lang='lat' dir='ltr'><strong>Weciensis,</strong></span> <span class='ocrx_word' id='word_1_249' title='bbox 1302 4220 1335 4282; x_wconf 88' lang='lat' dir='ltr'><strong>et</strong></span> <span class='ocrx_word' id='word_1_250' title='bbox 1349 4234 1404 4282; x_wconf 82' lang='lat' dir='ltr'><strong>ve-</strong></span> 
     </span>
     <span class='ocr_line' id='line_1_31' title="bbox 290 4317 1401 4410; baseline 0 -22"><span class='ocrx_word' id='word_1_251' title='bbox 290 4321 428 4390; x_wconf 84' lang='lat' dir='ltr'><strong>nerabili</strong></span> <span class='ocrx_word' id='word_1_252' title='bbox 441 4317 536 4389; x_wconf 75' lang='lat' dir='ltr'><strong>&#39;fratri</strong></span> <span class='ocrx_word' id='word_1_253' title='bbox 551 4332 660 4392; x_wconf 85' lang='lat' dir='ltr'><strong>nostro</strong></span> <span class='ocrx_word' id='word_1_254' title='bbox 678 4374 685 4389; x_wconf 92' lang='lat'>.</span> <span class='ocrx_word' id='word_1_255' title='bbox 704 4369 712 4388; x_wconf 87' lang='lat'><strong>.</strong></span> <span class='ocrx_word' id='word_1_256' title='bbox 729 4373 737 4392; x_wconf 90' lang='lat'><strong>.</strong></span> <span class='ocrx_word' id='word_1_257' title='bbox 763 4321 1123 4409; x_wconf 83' lang='lat' dir='ltr'><strong>Quinque-Ecclesicnsi</strong></span> <span class='ocrx_word' id='word_1_258' title='bbox 1140 4325 1302 4410; x_wconf 85' lang='lat' dir='ltr'><strong>Episcopo</strong></span> <span class='ocrx_word' id='word_1_259' title='bbox 1318 4328 1351 4388; x_wconf 88' lang='lat' dir='ltr'><strong>et</strong></span> <span class='ocrx_word' id='word_1_260' title='bbox 1367 4370 1374 4384; x_wconf 89' lang='lat'><strong><em>.</em></strong></span> <span class='ocrx_word' id='word_1_261' title='bbox 1393 4372 1401 4388; x_wconf 94' lang='lat'><em>.</em></span> 
     </span>
     <span class='ocr_line' id='line_1_32' title="bbox 291 4429 1423 4517; baseline 0 -21"><span class='ocrx_word' id='word_1_262' title='bbox 291 4429 413 4496; x_wconf 80' lang='lat' dir='ltr'><strong>Abbati</strong></span> <span class='ocrx_word' id='word_1_263' title='bbox 437 4430 478 4497; x_wconf 88' lang='lat' dir='ltr'><strong>de</strong></span> <span class='ocrx_word' id='word_1_264' title='bbox 503 4432 621 4500; x_wconf 85' lang='lat' dir='ltr'><strong>Sancto</strong></span> <span class='ocrx_word' id='word_1_265' title='bbox 647 4431 814 4502; x_wconf 81' lang='lat' dir='ltr'><strong>Gothardo</strong></span> <span class='ocrx_word' id='word_1_266' title='bbox 838 4433 1024 4502; x_wconf 74' lang='lat' dir='ltr'><strong>(iconiensis</strong></span> <span class='ocrx_word' id='word_1_267' title='bbox 1047 4433 1196 4501; x_wconf 89' lang='lat' dir='ltr'><strong>Dioeesis</strong></span> <span class='ocrx_word' id='word_1_268' title='bbox 1212 4449 1309 4516; x_wconf 87' lang='lat' dir='ltr'><strong>super</strong></span> <span class='ocrx_word' id='word_1_269' title='bbox 1323 4431 1423 4517; x_wconf 87' lang='lat' dir='ltr'><strong>pre-&#39;</strong></span> 
     </span>
     <span class='ocr_line' id='line_1_33' title="bbox 294 4535 1401 4628; baseline 0.003 -27"><span class='ocrx_word' id='word_1_270' title='bbox 294 4535 390 4602; x_wconf 89' lang='lat' dir='ltr'><strong>dictis</strong></span> <span class='ocrx_word' id='word_1_271' title='bbox 405 4539 549 4607; x_wconf 82' lang='lat' dir='ltr'><strong>omnibus</strong></span> <span class='ocrx_word' id='word_1_272' title='bbox 563 4541 623 4608; x_wconf 79' lang='lat' dir='ltr'><strong>&#39;sub</strong></span> <span class='ocrx_word' id='word_1_273' title='bbox 640 4547 729 4610; x_wconf 87' lang='lat' dir='ltr'><strong>certa</strong></span> <span class='ocrx_word' id='word_1_274' title='bbox 742 4541 847 4608; x_wconf 77' lang='lat' dir='ltr'><strong>forma</strong></span> <span class='ocrx_word' id='word_1_275' title='bbox 861 4542 1023 4628; x_wconf 80' lang='lat' dir='ltr'><strong>negotium</strong></span> <span class='ocrx_word' id='word_1_276' title='bbox 1039 4541 1188 4609; x_wconf 85' lang='lat' dir='ltr'><strong>duximus</strong></span> <span class='ocrx_word' id='word_1_277' title='bbox 1199 4539 1401 4606; x_wconf 85' lang='lat' dir='ltr'><strong>committen-</strong></span> 
     </span>
    </p>

    <p class='ocr_par' dir='ltr' id='par_1_6' title="bbox 269 4641 1398 4738">
     <span class='ocr_line' id='line_1_34' title="bbox 269 4641 1398 4738; baseline 0.005 -30"><span class='ocrx_word' id='word_1_278' title='bbox 269 4673 271 4676; x_wconf 96' lang='lat'>·</span> <span class='ocrx_word' id='word_1_279' title='bbox 294 4641 380 4729; x_wconf 86' lang='lat' dir='ltr'><strong>dum,</strong></span> <span class='ocrx_word' id='word_1_280' title='bbox 396 4644 450 4727; x_wconf 87' lang='lat' dir='ltr'><strong>qni</strong></span> <span class='ocrx_word' id='word_1_281' title='bbox 464 4646 540 4713; x_wconf 88' lang='lat' dir='ltr'><strong>licet</strong></span> <span class='ocrx_word' id='word_1_282' title='bbox 553 4667 618 4716; x_wconf 90' lang='lat' dir='ltr'><strong>non</strong></span> <span class='ocrx_word' id='word_1_283' title='bbox 632 4649 870 4734; x_wconf 79' lang='lat' dir='ltr'><strong>processissent</strong></span> <span class='ocrx_word' id='word_1_284' title='bbox 884 4651 917 4718; x_wconf 92' lang='lat' dir='ltr'><strong>in</strong></span> <span class='ocrx_word' id='word_1_285' title='bbox 932 4669 1042 4738; x_wconf 80' lang='lat' dir='ltr'><strong>eausa,</strong></span> <span class='ocrx_word' id='word_1_286' title='bbox 1051 4649 1115 4718; x_wconf 89' lang='lat' dir='ltr'><strong>duo</strong></span> <span class='ocrx_word' id='word_1_287' title='bbox 1130 4655 1238 4717; x_wconf 63' lang='lat' dir='ltr'><strong>umen</strong></span> <span class='ocrx_word' id='word_1_288' title='bbox 1252 4645 1398 4735; x_wconf 84' lang='lat' dir='ltr'><strong>ipsorum</strong></span> 
     </span>
    </p>
   </div>
   <div class='ocr_carea' id='block_1_6' title="bbox 0 0 1612 5066">
    <p class='ocr_par' dir='ltr' id='par_1_7' title="bbox 0 0 1612 5066">
     <span class='ocr_line' id='line_1_35' title="bbox 0 0 1612 5066; baseline 0 5"><span class='ocrx_word' id='word_1_289' title='bbox 0 0 1612 5066; x_wconf 95' lang='lat' dir='ltr'><strong> </strong></span> 
     </span>
    </p>
   </div>
  </div>
 </body>
</html>
