3222 5054
635 307 797 412 jes-

152 501 207 566 nio
223 503 470 573 communimus.
485 501 576 570 Nulli
591 521 668 588 ergo
685 509 745 570 etc.
762 509 871 571 nostre
886 502 1144 572 confirmationis
1159 505 1276 574 infrin-

153 629 233 694 gere
249 616 310 678 eto.
337 612 446 696 Siquis
469 618 580 680 autem
600 615 665 677 etc.
695 610 818 679 Datum
844 611 1002 680 Laterani
1017 612 1060 678 11.
1076 611 1142 680 kal.
1159 616 1280 704 Martii,

153 717 370 788 Pontificatus
385 720 489 789 nostri
503 741 590 790 anno
607 717 733 806 quartu

260 895 326 968 (IX.
345 895 471 969 Gergely
488 895 566 970 papa
584 895 781 969 Regestaibdl,
803 897 930 955 Theiner
949 897 986 954 id.
1006 915 1043 956 m.
1064 898 1107 954 93.
1127 897 1162 969 l.)

589 1142 835 1156 ——--··--——-

151 1635 211 1700 IX.
229 1634 362 1722 Gorpcly
370 1615 528 1721 poponus
550 1633 670 1720 abncly
693 1633 855 1699 allodoetctt
870 1633 1218 1732 crfssufooskoddooko'rt
1241 1657 1280 1699 aa

188 1740 540 1829 ouyoszeutcpybdzbo'lc'
554 1741 720 1807 mordeo
736 1739 982 1828 mcpdotulmuad
989 1741 1124 1808 obleoele
1140 1742 1236 1807 1231.

256 1919 433 2003 Gregorius
455 1919 640 2008 Episcopus
664 1939 776 1988 servus
800 1940 968 1987 servorum
991 1919 1058 1986 Dei
1081 1922 1278 1988 venerabili-

150 2030 210 2096 bus
226 2028 381 2095 fratribus
397 2029 653 2115 Archiepiscopo
669 2028 886 2112 strigoniensi
903 2037 936 2095 et
951 2029 1179 2114 Suffraganeis
1197 2033 1278 2114 eius,

151 2144 184 2202 et
199 2136 327 2203 dilectis
343 2136 418 2204 filiis
434 2137 631 2220 Abbatibus,
649 2136 829 2220 Prioribus,
847 2137 1002 2222 Decanis,
1018 2136 1277 2221 Archidiaconis,
1365 2149 1367 2154 '

150 2243 339 2328 Prepositis,
362 2251 395 2308 et
417 2245 494 2311 aliis
517 2245 739 2312 Ecclesiarum
763 2245 916 2329 Prelatis,
940 2265 1001 2332 per
1021 2245 1298 2329 strigoniensem.

148 2353 350 2435 prouinciam
368 2353 559 2435 constitutis,
576 2353 619 2418 ad
635 2371 715 2435 quos
731 2353 839 2422 littere
856 2353 919 2418 iste
937 2355 1170 2438 pervenerint,
1188 2352 1278 2420 sulu-

150 2467 215 2525 tem
235 2465 268 2526 et
283 2459 506 2543 Apostolioam
530 2461 802 2526 benedictionem.
828 2458 902 2525 Non
929 2460 1057 2544 absque
1078 2461 1192 2530 dolore
1211 2479 1280 2528 cor·

149 2563 201 2630 dis
215 2573 247 2630 et
262 2567 402 2651 plurima
416 2567 602 2632 turbatione
616 2566 801 2649 didicimus,
813 2566 897 2648 qnod
919 2567 967 2632 ita
983 2568 1016 2632 iu
1032 2569 1195 2654 plerisque
1204 2589 1280 2654 par·

150 2673 236 2738 tibus
256 2674 483 2740 ecclesiastica
507 2693 645 2740 censura
662 2672 871 2759 dissolvitur,
888 2681 921 2738 et
936 2677 1094 2742 canonice
1111 2679 1274 2744 sententie

150 2780 311 2846 severitas
328 2787 521 2866 enervatur,
544 2788 579 2847 ut
601 2783 664 2848 viri
687 2781 833 2866 religiosi
855 2783 953 2850 ethii
977 2785 1118 2852 maxime
1138 2783 1193 2868 qni
1216 2803 1276 2868 per

150 2885 245 2952 Sedis
261 2888 451 2971 Apostolice
467 2889 645 2974 privilegia
666 2888 782 2958 maiori
798 2889 909 2956 donati
924 2894 1003 2958 'sunt
1023 2893 1184 2978 libertate,
1204 2912 1278 2978 pas-

149 2995 209 3060 sim
226 3015 247 3060 a
263 2995 529 3062 malefactoribus
547 2995 615 3062 suis
632 2996 766 3064 iniurias
783 2998 973 3064 sustineant
991 3004 1024 3064 et
1040 3000 1185 3084 rapinas,
1202 2999 1278 3066 dum

149 3103 203 3168 vix
218 3103 390 3185 invenitur,
408 3104 462 3185 qni
482 3124 628 3188 congrua
652 3105 720 3172 illis
744 3105 944 3192 protectione
962 3105 1152 3190 subveniat,
1169 3113 1203 3172 et
1217 3126 1277 3190 pro

149 3209 293 3276 fovenda
314 3229 495 3296 pauperum
519 3213 682 3280 inocentia
706 3232 743 3279 se
762 3232 888 3278 murum
904 3211 1104 3280 defensionis
1120 3221 1275 3300 opponat.

148 3315 345 3400 Specialitcr
365 3325 475 3385 autem
500 3319 612 3385 dilecti
634 3319 692 3384 filii
706 3319 818 3387 Abbas
836 3327 868 3385 et
884 3319 1009 3386 fratres
1028 3321 1220 3387 Monasterii
1236 3319 1276 3386 de

147 3425 256 3493 Monte
272 3427 394 3494 Sancte
410 3427 514 3494 llario
537 3428 765 3495 cisterciensis
782 3426 933 3511 Ordinis,
960 3435 1029 3494 tam
1046 3428 1086 3495 de
1102 3428 1275 3510 frequenti-

148 3533 208 3599 bus
225 3533 361 3617 iniuriis,
375 3555 470 3618 quam
487 3533 528 3601 de
544 3537 616 3621 ipso
626 3537 791 3604 cotidiano
802 3535 932 3603 defectu
949 3536 1070 3601 iustitie
1082 3555 1275 3618 conqueren-

145 3650 196 3708 tes
219 3641 467 3709 nniversitatem
485 3651 625 3710 uestram
649 3641 766 3711 litteris
789 3643 952 3730 petierunt
966 3645 1165 3728 Apostolicis
1185 3645 1274 3710 exci-

146 3749 229 3834 tari,
255 3756 291 3815 nt
313 3750 360 3816 ita
382 3751 540 3818 videlicet
560 3753 607 3819 eis
631 3751 665 3818 in
683 3752 947 3819 tribulationibus
963 3753 1032 3820 suis
1048 3760 1160 3820 eontra
1174 3753 1275 3820 male-

144 3857 286 3951 factores
303 3878 412 3924 eorum
436 3865 589 3945 prompta
610 3859 758 3927 debeatis
782 3860 1053 3944 magnanimitate
1070 3879 1274 3947 consurgere,

146 3965 234 4050 quod
258 3966 301 4031 ab
317 3967 489 4051 angustiis,
506 3987 590 4052 quas
608 3969 779 4052 sustinent,
797 3975 830 4034 et
844 3969 1007 4052 pressuris
1022 3973 1131 4036 vestro
1148 3968 1276 4054 possint

145 4073 291 4157 presidio
308 4073 483 4160 respirare.
500 4077 643 4160 Ideoque
659 4077 867 4149 rmiversitati
882 4083 991 4144 vestre
1008 4097 1066 4162 per
1080 4076 1271 4162 Apostolioa

145 4183 268 4269 scripta
291 4183 486 4250 mandamus
510 4191 609 4270 atque
631 4183 847 4270 precipimus,
869 4184 1019 4266 quatinus
1039 4184 1113 4250 illos
1129 4184 1183 4265 qni
1199 4201 1273 4265 pos·

145 4291 323 4376 sessiones,
339 4291 392 4358 uel
406 4311 470 4376 res,
487 4311 544 4359 seu
561 4291 674 4358 domos
692 4291 912 4376 predictorum
929 4290 1077 4376 fratrum,
1094 4291 1147 4358 vel
1165 4289 1270 4358 homi·

145 4417 220 4463 num
238 4417 369 4464 snorum
388 4399 604 4467 irreverenter
619 4399 816 4466 invasserint
825 4450 835 4484 ,
859 4405 916 4465 aut
931 4417 972 4465 ea
986 4399 1108 4464 iniuste
1125 4399 1269 4466 detinue-

148 4505 230 4591 rint,
249 4525 312 4589 que
328 4507 486 4593 predictis
501 4508 655 4574 fratribus
680 4527 721 4573 ex
744 4513 940 4574 testamento
957 4505 1206 4574 decendentium
1222 4527 1271 4573 re

146 4613 345 4701 linquuntur,
356 4635 416 4684 seu
431 4617 464 4683 in
481 4617 569 4702 ipsos
579 4617 697 4685 fratres
707 4619 761 4685 vel
772 4635 881 4682 eorum
898 4615 1041 4700 aliquem
1057 4617 1268 4700 contraApo·
1349 4698 1353 4712 Ι
