3222 5054
645 324 804 435 ,ξε-9,-

18 337 20 352 l

18 353 19 378 l

18 529 19 616 l
221 505 228 526 ⁵
271 529 314 594 In
326 527 455 594 nomine
471 527 591 595 Sancte
606 525 776 595 Trinitatis
792 531 830 590 et
844 521 1013 593 Indiuidue
1028 523 1192 608 Unitetis2
1214 526 1279 592 An-

167 633 263 702 dreas
278 635 343 702 Dei
357 635 465 718 gratia
481 632 646 700 Dalmalie'
655 682 665 718 ‚
682 631 860 718 croachie,
876 631 1053 718 Culmeque
1068 633 1143 698 Dux
1157 632 1191 698 in
1206 651 1280 718 per·

166 749 309 828 petrum.
334 741 422 818 ,luris
441 741 526 808 ratio
545 739 676 808 videtur
692 740 860 810 consulere
877 739 1019 806 omnium
1033 741 1087 826 pie
1102 741 1280 826 petentium

167 855 244 916 vota
258 849 367 917 animo
384 848 497 916 sedulo
513 848 712 932 attentisque
728 849 858 915 auribus
874 847 995 914 debere
1010 849 1146 916 admitti.
1164 849 1282 939 Verum

168 977 279 1026 earnm
291 976 425 1050 precum
442 957 560 1025 certior
575 956 814 1042 specialiusque
830 957 929 1028 debet
945 976 1018 1027 esse
1031 959 1189 1044 receptio,
1199 975 1283 1040 ques

167 1083 309 1152 persone
326 1064 551 1148 venerabiles,
576 1071 608 1130 et
625 1082 808 1150 oause„pro
824 1062 1048 1148 quibusdum,
1073 1064 1195 1132 feriunt
1210 1085 1284 1133 esse

172 1172 455 1240 commendabiles.
472 1171 613 1256 Dignum
629 1178 680 1238 est
696 1171 781 1238 enim
798 1178 830 1240 et
844 1171 964 1238 retioni
979 1179 1240 1260 consentaneum,
1250 1180 1286 1240 ut

172 1282 205 1348 in
219 1281 398 1348 remedium
414 1287 449 1347 et
462 1281 602 1348 salntem
615 1286 762 1352 trauseat
771 1280 951 1346 animarum
961 1280 1187 1367 indubitanter,
1198 1283 1285 1366 quio

170 1389 250 1474 ,quid
265 1392 337 1456 Deo
354 1389 448 1456 detur
463 1391 516 1456 vel
531 1387 658 1461 dicatur
673 1388 841 1456 Ecclesiia.
858 1387 927 1456 Nos
944 1388 1041 1474 igitur
1051 1391 1219 1458 Dominice
1230 1390 1284 1458 de·

172 1497 312 1565 notionis
329 1497 588 1564 consideratione
604 1483 755 1563 commoti
771 1495 815 1562 ad
830 1495 939 1562 fratris
954 1499 1056 1570 nostri
1066 1498 1187 1565 domini
1197 1497 1284 1566 Hen-

172 1608 230 1673 rici
246 1607 464 1675 illustrissimi
479 1605 682 1691 Ungarorum
707 1605 807 1689 Regis
833 1595 1084 1678 admonitionem
1110 1615 1142 1674 et
1165 1608 1286 1676 iustam

172 1715 362 1802 petitionem
378 1721 475 1798 atque
490 1715 563 1800 pius
579 1733 694 1800 preces
710 1713 906 1808 uenerabilis
922 1716 1099 1784 sacerdotis
1115 1716 1178 1784 Dei
1187 1768 1197 1804 ,
1221 1718 1288 1784 Do-

173 1825 282 1894 miniei
297 1824 451 1890 videlicet
465 1822 700 1908 Zegrabiensis
716 1822 872 1907 Episcopi
887 1821 1033 1888 dedimus
1049 1823 1198 1908 insulem,
1224 1847 1287 1910 que

174 1939 309 2001 vocetur
333 1930 472 2018 Reginis
495 1930 707 2014 Zegrebiensi
726 1927 879 1996 ¹Ecclesie
905 1931 990 1996 omni
1022 1934 1232 2001 concussione
1256 1939 1288 1999 et

176 2041 573 2122 contradictioneremote‚
584 2043 739 2124 perpetuo
750 2030 997 2123 possidendam
1016 2046 1200 2108 contentam
1210 2061 1288 2109 vero
1329 2031 1330 2036 ’

175 2151 238 2218 hiis
253 2149 399 2216 terminis
415 2154 448 2215 et
462 2149 568 2214 metis.
599 2147 650 2212 Ab
675 2146 818 2229 oriente,
843 2146 1011 2234 nbi'Sene
1026 2145 1141 2215 fluvius
1157 2150 1189 2214 in
1206 2148 1289 2217 dues

177 2256 402 2324 distinctiones
418 2273 453 2321 se
470 2254 605 2338 dividit,
630 2255 732 2339 prime
757 2261 843 2322 mele
859 2255 985 2341 siguum
1001 2258 1141 2322 occurrit
1155 2257 1290 2325 videnti-

175 2367 234 2433 bus
251 2367 284 2432 in
300 2365 415 2431 arbore
431 2362 590 2449 populea3
617 2364 721 2430 altere
747 2383 824 2430 nero
843 2371 930 2430 mete
943 2364 1149 2450 protenditur
1164 2367 1208 2434 ad
1223 2383 1303 2453 me*

176 2474 325 2542 ridielem
340 2474 472 2558 plagam
488 2471 579 2536 iuxta
590 2471 729 2554 Sauram,
745 2472 801 2537 ubi
817 2472 914 2538 arbor
928 2473 1074 2539 nuoil'era
1087 2474 1216 2558 signum
1232 2479 1289 2561 ge'·
1386 2532 1389 2541 .

178 2589 243 2648 stet
259 2581 395 2648 evidens
412 2579 532 2646 laetum
549 2577 742 2664 cespitibus3
757 2577 1290 2670 ibidividiturmetachreehuna;

178 2689 253 2756 inde
271 2687 475 2776 protenditur
491 2692 604 2753 contre
620 2685 822 2754 occidentem
846 2688 938 2753 iuxta
963 2688 1143 2774 predictum
1161 2689 1292 2757 fluvium

179 2797 222 2865 ed
238 2799 363 2882 rivum,
395 2797 452 2880 qui
467 2799 600 2872 vocetur
615 2781 778 2880 Seregne3
804 2795 849 2860 ibi
872 2817 949 2863 vero
964 2799 1127 2884 predictus
1144 2798 1231 2866 rimu
1247 2799 1293 2864 in-

179 2913 244 2972 trat
260 2907 411 2988 Senem,
436 2904 490 2978 ubi
515 2922 652 2988 quercus
669 2909 719 2967 est
734 2902 834 2970 index
849 2912 953 2988 mete;
979 2907 1066 2973 riuus
1092 2907 1153 2972 iste
1179 2905 1294 2973 dividit

180 3022 302 3081 melam
318 3035 338 3080 e
353 3012 427 3078 filiis
438 3012 526 3078 Zela.
542 3010 634 3078 Idem
650 3030 726 3078 vero
741 2999 862 3078 rir'nlus
878 3033 993 3100 uersus
1009 3013 1209 3082 occidentem
1226 3015 1294 3081 exit

181 3123 221 3190 de
236 3105 347 3206 Serra,
363 3119 474 3204 ibique
489 3121 616 3204 signum
632 3124 718 3186 mete
735 3126 786 3187 est
799 3121 938 3206 positum
954 3123 987 3188 in
1003 3123 1102 3207 ulmo;
1119 3123 1293 3201 indevoto

181 3231 384 3318 protenditur
399 3228 443 3322 ed
458 3225 752 3312 septemtrionalem
760 3229 892 3314 plegem
903 3248 1003 3313 usque
1019 3231 1062 3298 ad
1078 3231 1232 3296 maiorem
1246 3231 1293 3298 di·
1357 3227 1359 3232 ’

181 3339 385 3409 stinctionem
395 3337 531 3424 predicti
546 3334 642 3420 fluvii,
658 3335 712 3402 ubi
728 3339 825 3403 etiam
842 3338 874 3402 in
890 3339 1006 3404 arbore
1015 3338 1156 3424 populea
1166 3339 1292 3423 signnm

182 3457 270 3519 mete
294 3453 442 3534 appetet.
473 3445 592 3513 Verum
616 3446 714 3512 Seue
738 3441 852 3512 fluvius
877 3444 991 3518 dividit
1015 3465 1126 3512 omnes
1152 3452 1294 3516 metesa

183 3559 258 3628 filiis
277 3559 390 3624 Zesse.
423 3555 490 3622 Sed
506 3555 657 3639 quoniam
672 3553 826 3621 memorie
841 3559 1036 3620 novercatur
1052 3551 1193 3642 oblivio,
1214 3557 1294 3624 obli-

183 3663 290 3736 vionis
307 3665 392 3754 enim
409 3670 497 3730 ortus
514 3671 565 3734 est
579 3663 730 3732 memorie
746 3661 909 3756 delectus,
926 3663 1019 3751 huius
1035 3663 1135 3730 nostri
1150 3665 1228 3732 faeti
1244 3685 1294 3732 se-

183 3777 263 3842 riem
280 3773 399 3860 scripto
417 3774 638 3846 commendare
659 3773 820 3840 iussimus.
852 3771 897 3840 Ut
921 3779 1028 3840 eutem
1051 3773 1176 3842 firmius
1200 3775 1296 3846 robur

185 3883 342 3968 obtineat,
359 3881 459 3966 sigilli
469 3873 578 3948 'nostri
592 3881 804 3966 impressione
821 3881 1094 3952 communivimus.
1120 3886 1214 3952 Anno
1230 3887 1294 3952 Do·

185 3992 303 4060 minice
319 3984 675 4058 IncemetionisMGOI.
691 3991 861 4073 Regnente
877 3991 1108 4075 gloriosissimo
1124 3993 1225 4059 fratre
1239 4013 1295 4060 uo·

186 4110 255 4192 atro
279 4102 371 4184 Rege
389 4098 545 4178 ,Henrieo
575 4097 692 4164 Testes
717 4083 828 4166 aulem
843 4099 937 4165 huius
951 4099 1000 4176 rei
1015 4106 1090 4167 sunt
1100 4099 1299 4184 jobagiones

187 4208 309 4294 nostri,
325 4226 455 4292 quorum
471 4208 602 4273 nomine
615 4207 677 4272 hec
692 4213 785 4273 sunt:
813 4205 890 4292 llog
905 4205 1039 4290 Oomes,
1054 4207 1221 4293 Nyeolens
1237 4207 1296 4275 Oo-

190 4337 279 4400 mes,
296 4313 453 4383 Martinus
467 4313 587 4400 ¹Comes
596 4365 607 4399 ,
627 4314 692 4380 Ata
708 4313 844 4397 (lomes,
870 4313 994 4382 Oresen
1011 4315 1147 4402 Comes5
1173 4316 1298 4383 Crasun

189 4443 267 4496 nero
283 4422 400 4492 (lomes
416 4429 467 4492 est
480 4423 656 4512 pristaldos
672 4424 819 4492 eiusdem
833 4424 944 4508 Regis.
960 4425 1080 4492 Datum
1095 4433 1157 4512 per
1168 4443 1296 4494 menum

192 4533 307 4604 Jacobi
320 4534 482 4620 Propositi
495 4533 643 4620 magistri
657 4534 760 4605 nostri
776 4540 808 4602 et
824 4531 1027 4602 Cancellerii.
