3214 5072
190 985 252 1050 III.
286 986 376 1052 Iceze
402 990 494 1072 pcipe
524 987 696 1072 monoteta
726 1009 764 1050 az
795 982 976 1074 eaeter'yami
1006 987 1226 1074 lcuptulunnalt
1265 1011 1303 1053 aa

190 1095 371 1180 coateryumi
402 1093 666 1180 cdedtjllcedclcm
697 1117 775 1160 uzon
806 1093 910 1176 restet,
938 1093 1046 1180 melyct
1078 1096 1144 1161 ΙΙΙ.
1169 1093 1251 1159 Belo
1272 1098 1303 1161 es

368 1200 450 1264 Imec
471 1197 618 1286 kirulyolr
641 1200 817 1286 adonuduya
839 1205 917 1264 satec
939 1200 999 1265 tir.
1024 1203 1121 1266 1198.

291 1377 501 1446 Innocentius
531 1363 712 1464 Episcopus
742 1395 854 1446 servus
885 1397 1051 1446 servornm
1068 1381 1141 1462 Dei,
1169 1379 1297 1450 dilectis
1394 1469 1396 1472 Ι

186 1485 259 1553 liliis
276 1487 428 1571 Gapitnlo
443 1485 674 1570 strigoniensis
685 1487 857 1554 Ecclesiae
873 1487 1009 1552 salntem
1026 1495 1060 1552 et
1074 1488 1297 1573 Apostolicam

185 1593 452 1662 benedictionem.
476 1591 556 1658 Cum
580 1615 601 1660 a
625 1593 1107 1680 uobispetitnr,quod1justum
1126 1600 1176 1660 est
1193 1601 1226 1660 ct
1240 1596 1296 1662 ho-

185 1707 320 1786 nestum,
334 1709 402 1768 tam
418 1701 711 1786 vigouaequitatis‚
727 1723 823 1786 quam
840 1704 918 1768 ordo
934 1701 1037 1786 exigit
1052 1701 1197 1785 rationis,
1212 1709 1248 1770 ut
1262 1703 1297 1770 id

184 1829 242 1895 per
265 1809 516 1876 sollicitudinem
542 1806 641 1874 officii
666 1810 768 1874 nostri
794 1809 839 1876 ed
863 1807 1008 1876 debitum
1032 1808 1228 1895 perducatur
1251 1809 1297 1876 ef·

184 1917 316 1983 fectum.
332 1917 523 2002 Eupropter,
541 1915 651 1982 dilecti
667 1915 700 1982 in
716 1914 855 1984 Domino
880 1915 948 2001 lilii,
972 1915 1091 1982 restris
1111 1915 1210 2000 justis
1238 1939 1294 2004 po·

182 2023 408 2091 mutationibus
423 2031 550 2107 gratnm
564 2024 784 2125 impertientes
799 2043 977 2106 assensum,
993 2031 1119 2109 partem
1134 2023 1225 2090 illam
1240 2027 1294 2092 tri·

182 2132 250 2197 buti
263 2133 327 2198 tori
351 2131 593 2215 Strigoniensis‚
611 2151 708 2216 quam
733 2133 865 2200 inolitae
890 2131 1064 2216 memoriae
1087 2131 1170 2198 Bela
1195 2153 1294 2216 qnon-
1362 2157 1367 2166 ·

181 2240 256 2306 dam
282 2233 352 2305 Rex
378 2237 552 2322 Vngariae,
581 2245 612 2304 ct
637 2239 825 2306 carissimus
844 2240 878 2306 in
909 2238 1036 2306 Christo
1067 2237 1152 2304 filius
1184 2249 1294 2310 noster

181 2348 370 2429 Aimerious,
389 2348 442 2431 qui
455 2347 565 2428 ‚eidem
581 2349 614 2414 in
638 2350 752 2432 Regno
778 2350 945 2434 successit,
973 2367 1031 2434 pro
1056 2347 1198 2416 remedio
1224 2352 1293 2416 ani-

180 2475 304 2523 marum
320 2473 449 2522 suarum
463 2455 633 2524 Ecclesiae
648 2463 779 2524 vestrae
794 2458 972 2526 liberaliter
987 2455 1200 2541 contulerunt,
1210 2459 1293 2524 sicut

180 2585 251 2638 eam
263 2564 354 2650 juste
370 2584 409 2630 ac
424 2565 558 2651 pacifice
583 2567 768 2652 possidetis,
793 2569 886 2636 vobis
912 2575 946 2636 et
970 2567 1138 2634 Ecclesiae
1163 2574 1292 2636 restrae

179 2674 372 2742 anctoritate
386 2659 574 2759 Apostolica
590 2673 815 2743 confirmamus
832 2683 865 2743 et
888 2675 1071 2763 praesentis
1097 2677 1211 2760 scripti
1235 2697 1292 2763 pa·

178 2780 315 2847 trocinio
348 2779 589 2848 communimus.
622 2784 713 2850 Nulli
742 2804 822 2869 ergo
847 2786 976 2852 omnino
1002 2783 1166 2852 homiuum
1192 2784 1292 2853 liceat

178 2889 262 2956 hanc
277 2889 431 2974 peginam
448 2896 580 2956 nostrae
597 2890 850 2961 confirmationis
874 2894 1050 2977 intringere
1075 2891 1129 2958 vel
1155 2893 1185 2958 ei
1209 2911 1291 2962 ausu

178 2999 346 3064 temerario
362 2997 533 3062 contraire.
557 2999 681 3082 Siquis
704 3007 814 3068 autem
829 3001 892 3068 hoc
916 3005 1081 3069 attentare
1104 3019 1291 3088 praesump-

177 3106 266 3184 serit,
292 3103 549 3194 indignationem
574 3105 812 3193 Omnipotentis
837 3109 900 3176 Dei
916 3115 949 3174 et
963 3109 1139 3176 Beatorum
1154 3111 1242 3178 Petri
1257 3117 1290 3176 et

175 3213 269 3280 Pauli
284 3211 511 3294 Apostolorum
528 3213 599 3298 ejus
615 3233 652 3281 ue
667 3216 794 3282 noverit
809 3217 1021 3284 incursurum.

282 3317 402 3384 Datum
418 3317 574 3387 Laterani
599 3333 692 3391 sexto
718 3321 795 3391 Idus
819 3324 928 3390 Martii
953 3323 1163 3398 Pontificatus
1188 3327 1289 3396 nostri

175 3449 261 3498 auno
278 3426 432 3498 seeundo.

263 3625 431 3700 (Hevenesy
449 3629 571 3690 keuirati
590 3627 860 3703 gyiijtemenyeb613
877 3627 970 3684 xvn.
988 3630 1048 3690 lt'o't.
1067 3631 1127 3688 161.
1146 3633 1190 3703 1.).

844 4013 852 4022 .
