3214 5072
798 361 956 468 Α
964 367 966 370 ,

323 567 356 628 et
370 565 542 628 extraneos
558 579 578 624 a
595 579 643 624 me
659 559 869 626 constitutum
884 561 917 626 in
939 559 1074 644 ciuitate
1099 555 1213 635 sedulo
1231 561 1433 644 commorari,

321 687 381 734 neo
396 688 468 736 curn
482 677 577 736 extra
593 669 704 734 urbem
721 667 807 734 alius
820 669 1096 754 proficisscentem
1121 667 1171 736 sui
1197 659 1351 754 precepto
1376 675 1436 734 ant

320 776 428 858 sigillo
459 795 561 842 causa
592 773 799 862 (placitandi)
825 777 977 844 concedo.
1009 775 1143 858 Siquis
1170 781 1352 842 nestrorum
1376 796 1438 862 per

320 901 426 948 meum
441 885 589 968 Regnum
605 890 693 949 terra
709 883 854 966 marique
872 879 1038 970 (negocia)
1055 884 1245 967 exercuerit,
1270 882 1352 949 mibi
1377 889 1437 949 ant

320 993 419 1059 alieni
435 998 614 1058 nostrornm
631 990 794 1058 homiuum
811 1011 852 1058 ex
865 973 1000 1077 proprio
1015 993 1206 1058 commercio
1224 988 1346 1056 nullum
1363 1010 1439 1076 per·

319 1103 424 1166 soluat
438 1098 592 1170 debitum.
618 1097 761 1164 Obsides
777 1119 798 1163 a
814 1100 907 1166 nobis
922 1099 1011 1163 nullo
1029 1098 1123 1164 modo
1139 1099 1308 1185 recipiam,
1326 1099 1385 1164 scd
1402 1101 1436 1164 in

319 1208 410 1272 curia
423 1214 535 1272 nostra
550 1207 673 1276 seruire
690 1206 875 1274 uolentibus
891 1227 1004 1290 rogam
1020 1207 1216 1292 impendam,
1238 1211 1270 1271 ct
1285 1208 1437 1274 morandi

319 1299 390 1381 siue
406 1312 593 1382 discedendi
609 1316 652 1381 ad
667 1333 759 1381 suum
784 1317 869 1381 uelle
889 1315 1076 1381 facultatem
1088 1317 1267 1398 optineant,
1280 1316 1437 1400 nullaque

318 1422 366 1486 eis
390 1439 489 1506 super
512 1422 573 1487 lroc
598 1423 749 1488 molestia
778 1423 955 1506 inferatur,
981 1429 1037 1486 aut
1062 1424 1090 1488 si
1106 1421 1296 1489 Dominium
1327 1441 1434 1488 meum

317 1529 458 1612 aliquem
474 1548 658 1614 aggranare
677 1531 847 1613 uidebitur,
866 1539 898 1598 et
914 1527 1027 1596 urbem
1053 1548 1162 1594 meam
1181 1531 1271 1596 exire
1289 1530 1436 1612 uoluerit,

318 1657 429 1704 secure
445 1655 516 1702 cum
532 1657 633 1704 uxore
650 1647 683 1704 et
698 1637 777 1724 filij‘s
802 1648 834 1704 ct
859 1639 984 1707 ianrilia
1012 1645 1044 1706 et
1072 1637 1220 1706 omnibus
1247 1639 1341 1704 bonis
1367 1641 1435 1706 suis

318 1763 505 1829 quocunque
532 1744 595 1810 sibi
619 1746 780 1830 placuerit
800 1754 869 1812 eat.
895 1747 965 1812 Hoc
997 1754 1105 1814 autem
1131 1748 1255 1830 absque
1272 1747 1386 1812 frande
1403 1753 1436 1811 ct

266 1837 269 1844 ’
318 1852 448 1936 ingenio
473 1851 515 1918 ad
540 1851 767 1920 detrimentum
796 1855 916 1921 ciuium
942 1860 974 1920 et
999 1854 1142 1922 ciuitatis
1167 1856 1200 1920 in
1225 1855 1337 1938 aliquo
1362 1855 1436 1920 atti-

317 1966 414 2025 nente
431 1961 623 2027 obscruabo.
634 1963 678 2027 Vt
692 1969 804 2029 antem
820 1970 887 2030 tam
902 1979 1045 2028 meorum
1054 1963 1320 2047 predecessorum
1337 1982 1435 2046 quam

317 2075 429 2134 nostra
444 2069 608 2136 concessio
625 2078 779 2157 perpetuo
796 2073 893 2142 robur
926 2071 1074 2158 optineat
1100 2070 1274 2154 firmitatis,
1291 2071 1437 2156 presenti

319 2196 391 2242 cam
420 2178 544 2262 pagina
566 2178 600 2242 in
626 2180 778 2276 noticiam
809 2179 926 2246 deduci
949 2179 1099 2264 posteris,
1133 2185 1165 2243 et
1191 2177 1296 2261 Regic
1323 2179 1434 2245 attori-

318 2287 397 2352 tatis
411 2286 520 2370 sigillo
532 2285 688 2368 jussimus
703 2288 861 2354 roborari.
886 2286 1005 2352 Datum
1029 2305 1114 2352 anno
1130 2285 1304 2352 Dominiee
1320 2287 1430 2355 Incar-

320 2392 465 2459 nacionis
480 2375 536 2459 tlt
552 2393 631 2460 00⁰.
648 2395 732 2462 v110.
842 2435 844 2442 ·

703 2587 814 2662 <Arnay
832 2589 928 2663 pecsdt
945 2588 1047 2661 alatt).¹

444 2695 561 2772 (llilrlds
579 2697 734 2756 sclavonici
751 2696 809 2756 ban
827 2698 938 2756 laabin
956 2697 1157 2792 okmtnyabdl.
1179 2701 1284 2766 ccccl).

747 2957 994 2974 *ω*

849 3211 906 3278 53.

319 3393 383 3460 ΙΙΙ.
407 3393 497 3458 lucae
517 3393 605 3482 papa
628 3411 649 3454 a
671 3347 910 3456 borsruoraosbaa'
932 3393 1098 3479 apcitadyot
1132 3389 1163 3454 aa
1194 3389 1302 3455 annet
1327 3387 1435 3478 jopoit

551 3499 681 3566 tabum
699 3496 893 3598 peutfopdaa
917 3498 972 3563 ald
994 3500 1084 3564 vead.
1108 3499 1205 3566 1207.

423 3697 628 3766 Innocentius
644 3696 825 3783 Episcopus
842 3714 956 3764 seruus
970 3715 1134 3764 serrorum
1150 3693 1214 3763 Dei
1239 3694 1371 3764 dilectis
1397 3695 1433 3760 fi-

241 3873 246 3881 ,
318 3805 371 3873 liis
387 3805 508 3872 Abbati
523 3812 555 3873 et
569 3803 737 3870 monachis
753 3805 794 3870 de
810 3803 886 3870 Alto
902 3805 1011 3872 Monte
1020 3803 1164 3871 Sanctae
1173 3805 1302 3871 Mariae
1315 3804 1435 3874 oister-
1479 3853 1482 3868 .

319 3913 438 3981 ciensia
454 3907 638 3980 salutemet
655 3911 878 3998 Apostolicam
894 3911 1163 3979 benedictionem.
1188 3911 1269 3992 Cum
1294 3933 1315 3978 a
1340 3911 1434 3979 nobis

319 4026 438 4112 petitur
453 4019 539 4106 quod
558 4021 683 4106 justum
711 4028 761 4090 est
786 4031 817 4089 ct
842 4020 1021 4104 honesturn,
1045 4029 1113 4086 tarn
1139 4021 1232 4106 vigor
1256 4021 1434 4105 aequitatis

320 4151 416 4215 quarn
441 4127 519 4197 ordo
544 4128 646 4212 exigit
669 4127 814 4213 rationis,
846 4135 882 4195 nt
912 4128 945 4196 id
974 4149 1033 4214 per
1063 4127 1301 4194 solicitudinem
1335 4126 1434 4195 officii

318 4241 421 4308 nostri
436 4237 480 4306 ad
496 4237 637 4305 debitum
653 4237 851 4322 perducatur
866 4235 1025 4303 effectum.
1050 4233 1244 4321 Eapropter,
1269 4235 1384 4303 dilecti
1400 4237 1435 4302 in

319 4349 456 4415 Domino
472 4339 540 4430 lilii,
556 4347 674 4413 restris
687 4345 785 4430 justis
797 4345 1075 4440 ¹postulationibus
1092 4352 1185 4428 grato
1202 4351 1435 4412 concurrentes
1534 4377 1542 4388 ·

319 4473 466 4539 assensu,
482 4471 641 4546 personas
657 4460 785 4522 vestras
808 4461 842 4520 et
865 4453 994 4554 domum
1019 4474 1091 4520 curn
1118 4452 1277 4535 omnibns,
1300 4454 1435 4536 quaein

318 4563 575 4649 praesentiarum
590 4561 827 4629 rationabiliter
843 4559 1017 4646 possidetis
1033 4569 1088 4628 ant
1113 4563 1146 4628 iu
1173 4561 1312 4628 futurum
1335 4562 1434 4645 justis

319 4671 423 4744 modis
438 4675 625 4758 praestante
641 4669 779 4736 Domino
794 4672 942 4756 poteritis
959 4669 1108 4757 adipisci,
1137 4672 1198 4738 sub
1223 4670 1321 4738 Beati
1346 4673 1434 4738 Petri
