3198 5058
181 511 333 604 ritualia,
361 534 422 600 que
439 533 511 581 cum
527 514 685 582 vicesima
699 517 815 599 posset
831 511 1031 580 Monasterio
1048 510 1189 601 S(ancti)
1205 513 1305 602 M(ar·

180 620 255 708 tini)
270 643 330 708 pro
345 621 482 690 decimis
495 624 677 709 assignare.
694 623 853 691 Nolentes
870 621 912 690 de
930 626 1036 688 cetero
1053 619 1232 691 Albenscm
1245 625 1305 690 Ee-

179 731 317 799 elesiam
332 729 525 818 locupletari
548 731 583 797 in
607 731 767 800 iacturam
783 729 976 798 Monasterii
991 751 1090 818 supra
1107 731 1186 799 dieti
1201 731 1306 818 predi·

179 845 252 906 ctas
276 837 423 906 decimas
448 835 641 925 detinendo,
667 847 820 930 presente
847 846 941 926 parto
964 837 1100 906 Albensi
1124 843 1158 907 et
1176 840 1306 907 Abbate

178 943 323 1032 S(anctb
338 942 519 1033 ll(artini),
533 977 535 982 v
547 945 737 1032 uocatis'que
755 947 1026 1032 ‘procuratoribus
1051 943 1241 1015 Monasterii
1266 947 1307 1014 dc

180 1073 240 1121 sno
254 1053 398 1141 hospitio
425 1052 470 1121 ad
496 1053 665 1120 arbitrium
680 1053 897 1138 audiendum,
922 1073 984 1120 nec
1009 1053 1170 1140 inuentis,
1195 1061 1307 1144 utpote

181 1163 259 1247 quia
273 1169 481 1229 recesserant
495 1161 587 1228 nulla
603 1184 624 1230 a
639 1161 733 1230 nobis
749 1163 883 1231 licentia
898 1163 1082 1250 postulata;
1109 1164 1240 1234 Abbate
1255 1170 1304 1231 ta-

179 1291 255 1338 men
280 1267 500 1352 satissdante,
526 1269 613 1355 qnod
637 1277 868 1358 procuratores
893 1271 997 1358 partis
1011 1289 1071 1338 sue
1085 1278 1191 1338 ratum
1209 1277 1242 1339 et
1257 1271 1308 1338 fir·

180 1397 265 1445 mum
284 1377 461 1460 haberent,
482 1377 636 1462 quicquid
651 1379 685 1446 in
701 1379 752 1446 his
769 1377 958 1446 duxerimus
974 1375 1192 1465 statuendum,
1210 1379 1307 1446 corri-

179 1492 296 1572 gentes
319 1487 354 1552 in
378 1484 442 1554 hac
465 1492 560 1573 parte
579 1487 731 1572 Magistri
746 1485 854 1574 blgidii
870 1487 1059 1572 arbitrium,
1086 1485 1118 1552 et
1142 1493 1307 1558 mutantes

180 1595 265 1662 sieut
280 1592 404 1676 arbitri,
421 1595 477 1660 uel
492 1600 529 1661 ιιι
544 1595 767 1679 arbitrantes,
786 1614 846 1662 seu
862 1593 1056 1664 amicabiles
1072 1595 1308 1680 compositores

181 1702 387 1788 arbitramur,
403 1701 659 1790 pronuntiamus,
675 1703 868 1782 statuimus,
886 1710 919 1769 et
933 1700 1128 1787 laudamus,
1145 1699 1232 1788 quod
1247 1701 1308 1768 Ec·

181 1809 283 1877 alesia
299 1809 453 1877 Albensis
469 1817 502 1878 et
517 1809 675 1878 Canonici
691 1809 837 1879 eiusdem
853 1811 1004 1878 lloclesic
1013 1861 1023 1895 ,
1039 1811 1210 1898 presertim
1227 1809 1305 1878 Oes-

180 1935 252 1983 mas
268 1915 432 2002 quondam
442 1918 624 2006 llpiscopus
634 1917 836 2002 (leudensis,
852 1915 893 1984 de
910 1917 1059 1985 omnibus
1076 1917 1175 2004 agris,
1190 1917 1307 2001 uineis,

180 2024 304 2113 prediis
330 2031 363 2092 et
377 2011 477 2093 ¹villis
486 2075 495 2111 ,
522 2026 647 2094 mansis
664 2029 696 2092 ιι
713 2025 858 2092 curtibus
876 2031 908 2092 et
923 2025 1189 2110 possessionibus
1205 2027 1307 2108 quali·

182 2152 307 2217 cunque
323 2134 451 2200 nomine
468 2137 681 2217 censeantur,
698 2132 743 2199 ad
758 2131 849 2220 ipsos
864 2133 1121 2218 pertinentibus,
1146 2133 1181 2198 in
1197 2133 1308 2220 Symi-

181 2240 286 2326 giensi
301 2239 465 2308 comitatu
481 2239 719 2326 existentibus,
735 2246 768 2306 ιι
783 2239 824 2306 de
841 2239 989 2307 omnibus
1005 2239 1123 2324 rebus,
1141 2259 1205 2325 que
1220 2241 1307 2308 deci·

181 2350 264 2417 mari
279 2347 399 2414 debent
413 2347 613 2416 blonasterio
630 2344 774 2435 S(ancti)
791 2345 952 2435 ll(artini)
970 2349 1011 2416 de
1026 2349 1206 2434 Pannonia,
1223 2347 1308 2416 deci-

181 2477 252 2524 mas
268 2457 393 2540 integre
410 2461 443 2522 et
458 2458 583 2540 absque
600 2455 855 2523 contradictione
871 2457 1072 2542 persolnant.
1103 2448 1309 2525 Arbitramur

182 2565 280 2632 etiam
297 2569 330 2631 et
345 2561 527 2649 laudamus,
544 2561 714 2648 qnodnon
730 2563 912 2646 inquietent
927 2562 968 2630 de·
985 2571 1113 2650 cetero,
1131 2584 1192 2632 nec
1206 2565 1307 2652 impe-

182 2672 291 2754 diant,
316 2690 377 2738 nec
401 2669 615 2756 prohibeant,
640 2690 702 2738 noo
726 2669 893 2756 prohiberi
911 2671 1038 2739 faciant
1054 2693 1114 2760 per
1129 2691 1166 2740 se
1181 2673 1236 2741 nel
1251 2691 1310 2758 per

182 2782 265 2848 alios
282 2778 363 2846 dieti
377 2779 561 2864 Albenses,
579 2778 750 2862 quominus
767 2777 808 2845 de
824 2779 1094 2864 possessionibus
1110 2787 1143 2846 et
1159 2780 1310 2850 omnibus

181 2889 299 2973 rebus,
325 2904 386 2972 que
403 2883 561 2954 decimari
577 2885 719 2971 debent,
745 2885 969 2955 Ecclesiamm
996 2888 1110 2956 Sancti
1126 2889 1261 2958 Henriei
1278 2896 1311 2958 et
1411 2909 1413 2912 ·

182 2997 295 3066 Sancti
314 2996 457 3084 Nycolai
472 2995 656 3081 Hospitalis
672 2993 838 3081 Albensis,
856 3002 888 3063 et
903 2999 1046 3064 omnium
1062 2997 1261 3083 capellarum
1278 3003 1312 3068 et

182 3105 370 3184 elericorum
386 3109 418 3168 et
433 3104 628 3188 populorum
647 3101 690 3170 ad
706 3103 814 3189 ipsam
831 3103 1015 3172 Ecclesiam
1030 3105 1207 3173 Albensem
1237 3127 1311 3191 per-

181 3211 352 3280 tinentium
368 3212 402 3277 in
422 3209 585 3277 Comitatu
602 3209 667 3276 iam
683 3205 770 3278 dicto
785 3209 915 3297 prefato
931 3213 1142 3298 Monasterio,
1160 3235 1181 3280 a
1197 3233 1311 3299 supra·

184 3319 281 3387 dictis
298 3317 450 3387 omnibns
466 3315 592 3382 decime
608 3317 735 3403 integre
749 3318 988 3404 persolnantur.
1005 3319 1088 3385 Item
1104 3320 1310 3406 arbitramur,

182 3425 380 3515 precipimus
396 3431 430 3492 et
446 3424 632 3510 laudamus,
644 3427 728 3510 quod
740 3426 854 3492 Abbas
871 3431 904 3491 et
919 3432 1098 3493 conuentus
1116 3427 1310 3496 Monasteril

181 3534 302 3623 prefati
318 3533 494 3602 restituant
508 3531 647 3601 Albensi
662 3531 812 3602 Ecclesia
829 3533 1006 3621 priuilegia
1024 3537 1078 3602 uel
1103 3535 1311 3622 priuilegium

182 3644 306 3711 domini
320 3645 433 3728 Regis,
453 3661 516 3726 que
533 3643 586 3708 uel
603 3641 690 3725 quod
704 3641 870 3710 Albenses
885 3641 917 3710 ei
932 3641 1091 3710 dederunt
1106 3647 1161 3713 nel
1177 3643 1249 3713 dari
1264 3646 1311 3713 fo·

183 3757 296 3820 cerunt
310 3771 409 3839 snper
425 3752 550 3821 salibus
565 3753 744 3835 Regalibns
760 3753 794 3821 in
811 3753 972 3838 Posonio,
988 3753 1023 3819 in
1037 3755 1309 3840 permutationem

182 3861 383 3929 decimarum
398 3861 554 3947 ipsarum,
571 3881 634 3946 qne
651 3861 712 3929 tuit
727 3881 786 3948 per
801 3861 921 3928 Sedem
932 3861 1157 3949 Apostolieam
1172 3861 1312 3931 irritata.

182 3972 266 4037 Item
282 3969 316 4034 in
332 3967 395 4035 hoe
410 3968 581 4036 arbitrium
596 3969 747 4054 magistri
763 3967 873 4054 Egidii
889 3969 1113 4055 approbantes
1138 3970 1311 4040 statuimus

183 4083 217 4146 et
231 4076 414 4162 laudamus,
426 4077 635 4160 quoduinnm
645 4077 807 4164 Prepesiti
824 4084 857 4143 et
873 4080 1102 4146 canonicorum
1119 4085 1152 4146 et
1168 4097 1312 4145 commu·

183 4183 296 4254 nitatis
313 4185 469 4254 Albensis
486 4185 636 4253 Ecclesia
652 4191 685 4253 et
700 4187 814 4254 Sancti
823 4187 966 4273 Nyeolai
982 4193 1015 4254 et
1030 4185 1221 4252 clericorum
1238 4205 1311 4270 pre·

183 4294 343 4362 dictarum
359 4291 581 4362 Ecclesiamm
598 4313 670 4360 eum
687 4292 798 4380 sigillo
814 4297 1043 4363 canonicorum
1059 4293 1250 4362 Albensium
1266 4295 1310 4361 ab

184 4421 248 4468 nnc
264 4420 306 4467 ex
323 4402 490 4470 canonicis
507 4401 585 4470 dato
601 4407 636 4468 et
651 4401 770 4487 iurato,
785 4401 873 4486 quod
888 4402 1038 4470 fraudem
1053 4423 1118 4470 non
1135 4403 1238 4471 faeiat
1247 4403 1310 4470 Ab

183 4506 253 4574 bati
270 4504 416 4595 S(ancti)
432 4505 592 4596 ll(artini)
610 4508 652 4575 de
668 4509 735 4576 alio
755 4510 831 4576 uino
857 4510 1057 4596 asportando
1066 4560 1075 4596 ,
1103 4515 1137 4576 et
1158 4519 1312 4597 presente

185 4603 320 4683 homine
332 4614 472 4683 Abbatis
488 4623 521 4683 et
538 4615 688 4685 similiter
702 4617 827 4702 iurato,
852 4617 939 4703 quod
964 4617 1127 4685 malitiose
1151 4636 1217 4684 non
1235 4637 1320 4686 con.
1362 4659 1365 4664 ·
