3214 5072
619 307 784 458 Aa..

148 555 198 616 ter
226 544 396 634 predictas
430 547 654 633 possessiones
693 545 957 616 determinantur.
996 545 1042 614 Ut
1071 548 1171 635 igitur
1208 548 1270 617 bec

149 657 270 723 erectio
286 661 445 722 metarum
460 653 558 722 robur
572 654 719 724 obtineat
734 661 890 743 perpetue
905 654 1065 723 firmitatis
1091 675 1150 744 pro
1184 675 1267 722 com·

149 764 237 842 muni
260 763 395 850 justitia
418 762 595 842 suadente,
618 763 724 832 eidem
749 759 923 850 magnifico
947 759 1078 831 domiuo
1103 761 1268 847 Stephano

150 869 273 938 llikwd
293 871 409 940 literas
433 878 562 938 nostras
589 871 814 958 privilegiales
843 869 1024 958 pendentis,
1050 863 1086 938 'et
1114 869 1269 938 autentici

152 979 254 1046 nosti-i
270 977 374 1064 sigilli
389 973 567 1046 munimine
580 979 749 1046 roboratas
765 976 914 1045 dummus
943 976 1177 1045 concedendas.
1201 977 1268 1044 Da·
1361 1007 1363 1011 v
1379 1029 1382 1034 .

150 1093 216 1154 turn
232 1092 351 1154 octavo
366 1084 492 1154 decimo
507 1085 561 1152 die
586 1085 855 1154 reambulatiouis
880 1091 1071 1171 prenotate'
1085 1085 1179 1156 tnnc
1196 1083 1266 1151 Do·

150 1192 229 1261 mini
243 1194 610 1264 millesimoceutesimo
626 1196 868 1283 septuagesimo
885 1201 988 1263 sexto.
1323 1210 1325 1216 ’

153 1387 283 1445 Teutech
308 1388 344 1447 G.
367 1387 406 1446 D.
434 1387 465 1444 ds
491 1388 652 1454 Fimbaber
671 1387 831 1464 Mutdnr
856 1385 1106 1445 utimum-Buce
1146 1401 1197 1444 rur
1218 1382 1274 1444 (ie-

373 1477 500 1536 scbichto
522 1477 756 1552 siebenbtrgenn
785 1477 868 1548 Beer,
890 1479 960 1535 1857
979 1479 1004 1534 1.
1023 1474 1055 1550 l.)

688 1983 745 2049 dd.

154 2145 377 2234 domprtmi
407 2145 522 2234 epybdz
553 2143 621 2210 eobo
651 2107 848 2226 eaododoaae't
872 2141 999 2229 fobert
1042 2143 1278 2238 adomanyozea

662 2254 760 2319 1181.

204 2463 207 2468 -
261 2415 298 2482 in
315 2416 445 2482 nomine
461 2415 580 2482 Sancte
596 2421 628 2481 et
642 2413 814 2482 indiuiduo
829 2411 998 2480 Trinitatis
1024 2449 1062 2462 -
1090 2449 1133 2462 -
1160 2447 1204 2464 -·
1232 2454 1276 2468 -

155 2529 186 2594 in
203 2527 289 2592 banc
304 2523 425 2590 vallem
441 2521 681 2608 lachrymarum
698 2520 817 2588 deiecti
833 2520 1009 2588 obliuionis
1025 2507 1215 2608 passionem
1231 2561 1274 2575 -

155 2662 437 2681 -----
452 2629 570 2698 rabilis
588 2629 724 2696 inoleuit
748 2627 959 2712 cousuetudo,
985 2629 1141 2696 videlicet
1165 2639 1199 2696 ut
1224 2651 1275 2717 ea,

157 2761 219 2825 qne
244 2737 487 2808 racionabiliter
513 2737 713 2818 ordinantur,
737 2737 917 2806 litterarum
942 2737 1090 2822 apicibus
1114 2759 1276 2806 commou-

159 2849 239 2916 data
264 2846 374 2914 uiuaci
399 2847 554 2914 memoria
579 2849 775 2911 tenerentur.
799 2845 919 2911 Notum
945 2845 987 2911 sit
1011 2845 1110 2930 igitur
1134 2851 1278 2934 presenti

156 2955 365 3039 generacioni
381 2961 413 3020 et
429 2954 470 3037 ei,
493 2969 555 3036 que
579 2951 689 3020 lutura
704 2959 764 3036 eet,
782 2955 867 3036 quod
884 2973 969 3020 anno
987 2954 1030 3022 ab
1045 2953 1276 3024 incarnacione

157 3064 286 3130 Domini
301 3061 473 3128 millesimo
490 3059 666 3144 centesimo
680 3061 901 3146 octuagesimo
912 3063 1026 3147 primo,
1042 3063 1276 3148 gloriosissimo

158 3173 248 3256 Rege
263 3171 345 3237 Bela
363 3165 931 3254 regnante,Jobane'Vesprimiense
947 3168 1121 3256 Episcopo,
1138 3177 1277 3254 quatuor

160 3297 323 3368 proceres,
339 3289 477 3360 qnorum
493 3275 555 3342 beo
570 3283 645 3342 sunt
661 3276 801 3358 nomina,
819 3274 1002 3342 Vilibaldus
1030 3277 1202 3364 presbiter,
1217 3281 1275 3348 Sa·

160 3386 304 3471 lombnd‚
319 3385 428 3452 Auath
443 3379 505 3469 (et)
522 3383 638 3467 Botha,
661 3385 716 3467 qui
742 3401 783 3449 ex
807 3383 980 3468 parentela
1006 3403 1066 3452 sua
1089 3385 1277 3454 libertatem

162 3496 320 3564 duxerant
335 3511 394 3579 pro
410 3492 561 3559 Ecclesia
577 3491 690 3557 Sancti
706 3489 888 3571 Michaelis,
904 3476 990 3558 sieut
1006 3510 1116 3559 eornm
1134 3501 1278 3560 anteces

162 3625 251 3674 sores
278 3603 381 3670 libere
407 3599 611 3686 seruiebant;
628 3599 689 3667 tali
715 3607 823 3667 tamen
849 3597 1048 3686 condicione,
1073 3609 1108 3670 nt
1133 3602 1278 3670 decimas

161 3713 305 3800 predicte
322 3709 470 3777 Eccleaie
494 3708 749 3792 circumquaque
773 3709 991 3797 assignarent,
1016 3717 1050 3777 et
1074 3711 1107 3778 in
1132 3712 1277 3798 legacio·
1403 3761 1405 3768 ,
1448 3742 1451 3750 ·

161 3841 233 3888 nem
249 3821 321 3886 siue
337 3837 378 3883 ex
392 3817 546 3905 precepto
556 3814 726 3903 Propoeiti,
738 3836 798 3882 nec
812 3835 877 3883 uon
894 3823 926 3884 et
941 3823 1117 3886 ceterorum
1133 3820 1277 3904 fratrum,

162 3925 288 3994 Decani
305 3944 444 4010 qnoque,
461 3945 501 3990 ao
518 3919 733 3990 Comunit'atis
759 3943 856 4011 super
872 3945 974 4011 equos
995 3947 1071 3995 suos
1088 3927 1280 4012 equitarent,

163 4041 360 4121 rogauerunt
375 4032 594 4102 venerabilem
610 4031 770 4116 prelibato
797 4033 943 4111 Ecclesia
969 4039 1174 4116 conuentum,
1201 4055 1279 4119 qua·

163 4151 269 4214 tonus
283 4149 414 4224 terram,
440 4161 537 4226 quam
561 4141 624 4225 ipsi
650 4143 805 4224 colerent,
831 4149 864 4208 et
887 4144 972 4210 unde
996 4143 1107 4209 viuere
1132 4143 1277 4230 possent,

162 4254 225 4323 sibi
240 4249 442 4318 concederet
459 4247 641 4316 P1elibatne
657 4269 734 4316 vero
750 4259 942 4334 conuentus,
957 4251 1077 4316 Diuine
1094 4250 1278 4320 Maiestatis
1362 4247 1365 4252 ’

163 4362 280 4429 iutuitu
296 4377 408 4426 eorum
422 4357 574 4444 precibus
591 4357 865 4441 condescendens,
882 4357 1009 4425 invilla
1034 4357 1124 4425 Kezn
1141 4359 1280 4446 (Paplre-

165 4471 236 4556 sri),
252 4487 317 4535 non
333 4485 374 4534 ex
390 4469 516 4534 cultura
539 4485 690 4552 agrorum
722 4465 867 4557 eiusdem
896 4465 1017 4552 populi,
1050 4465 1109 4534 sed
1140 4486 1182 4533 ex
1212 4469 1280 4534 inre
1346 4553 1349 4558 Ι

166 4571 323 4668 Ecclede,
339 4575 426 4660 quod
441 4575 590 4643 Ecclesia
605 4573 667 4642 sibi
682 4573 784 4642 habet
798 4573 960 4660 proprium
976 4580 1009 4640 et
1023 4574 1067 4642 ad
1092 4593 1183 4642 sunm
1208 4593 1278 4640 ara·

167 4687 272 4756 tbrum
289 4685 467 4773 pertinens,
482 4683 599 4772 viginti
615 4683 744 4752 scilicet
758 4687 791 4750 ct
806 4689 880 4752 octo
905 4683 1019 4774 ingere
1044 4683 1226 4772 concessit,
1248 4685 1281 4752 et
