3222 5054
774 814 852 881 nro.
904 793 911 802 ’

308 991 582 1080 Apamondolmi
595 993 833 1062 secret-mdrtom'
849 1001 974 1057 oonoeot
989 980 1175 1085 birtokelode

652 1099 860 1186 bizooyedpot.
885 1099 983 1165 1231.
1177 1150 1184 1187 ¹

362 1295 548 1364 conuentus
564 1295 660 1362 Booti
679 1295 811 1362 Martini
826 1296 868 1361 de
884 1296 987 1364 Snoro
1003 1295 1111 1364 Monte
1127 1299 1296 1368 Pannonis
1311 1303 1381 1370 rni-

254 1403 358 1475 nersis
374 1407 496 1473 Christi
512 1405 672 1489 fidelibus,
689 1403 734 1470 ad
750 1422 831 1487 qnos
847 1403 957 1470 littere
972 1412 1142 1490 presentes
1158 1411 1378 1496 peruenerint,

254 1514 394 1581 salutem
418 1515 452 1580 in
477 1513 627 1580 Domino.
649 1514 700 1580 Ad
717 1513 936 1580 uniuersorum
952 1513 1106 1580 noticiam
1122 1520 1233 1582 tenore
1248 1533 1380 1602 presen-

255 1622 340 1690 oinm
360 1621 509 1690 nolnmns
525 1620 708 1706 peruenire,
725 1623 812 1704 quod
829 1641 900 1688 eum
917 1620 1066 1688 dominos
1082 1622 1177 1690 Vries
1193 1624 1309 1692 Abbns
1324 1646 1382 1693 no·

254 1741 322 1800 ster
347 1729 543 1800 contulisset.
563 1731 730 1813 quandem
755 1729 885 1796 oineem
910 1731 943 1796 in
968 1723 1201 1814 Npltsssoo'rou
1217 1749 1274 1800 sno
1291 1733 1381 1801 fideli

254 1840 409 1910 seruienti
424 1839 554 1908 nomine
570 1839 682 1906 Benke
708 1838 748 1906 de
773 1841 941 1905 Barsonns
965 1845 1121 1925 perpetuo
1137 1841 1382 1938 possidendam,

255 1949 394 2018 eandem
418 1949 549 2014 uincam
574 1945 661 2014 idem
685 1947 800 2014 Benke
824 1944 971 2014 uendidit
994 1945 1121 2014 onidem
1138 1949 1305 2016 sernieisli
1319 1951 1381 2020 Eo-

255 2056 355 2125 elesie
370 2055 500 2124 nomine
517 2055 634 2123 Neokn
651 2054 693 2122 de
709 2055 789 2122 nilla
800 2055 934 2140 Torjoo.
951 2055 994 2120 Et
1009 2062 1045 2120 nt
1060 2055 1168 2141 ipsam
1182 2055 1310 2124 ninsam
1326 2061 1382 2128 de-

255 2185 350 2232 onrsu
365 2164 520 2250 temporis
535 2182 599 2228 non
615 2166 721 2249 possit
738 2165 857 2247 aliquis
873 2163 985 2246 otique
1000 2160 1183 2230 'occasione
1199 2185 1220 2229 o
1235 2165 1322 2234 dioto
1338 2168 1380 2233 Ν.

255 2274 307 2338 net
324 2293 345 2338 e
360 2272 429 2338 snis
445 2269 519 2338 tiliis
537 2271 683 2355 resipere
699 2271 752 2338 uel
769 2271 916 2338 alienare
924 2321 933 2354 ‚
960 2277 1144 2356 presentem
1161 2272 1318 2355 paginam
1334 2272 1382 2338 di·

255 2381 361 2446 nisnm
386 2397 445 2466 per
471 2373 652 2444 alfabetom
678 2377 742 2443 sibi
767 2377 917 2444 duximus
943 2383 1054 2444 nostro
1071 2377 1180 2462 sigillo
1197 2379 1383 2447 roboratam

255 2485 509 2554 eonoedsndnm.
525 2485 642 2568 Itaque
658 2503 725 2550 one
741 2503 819 2570 pars
835 2485 1021 2551 seruabitur
1035 2503 1137 2569 penes
1152 2483 1257 2571 ipsum
1266 2487 1384 2553 Neokn

255 2596 309 2662 nel
333 2612 410 2662 snos
433 2592 538 2676 filios,
564 2593 671 2662 attere
697 2599 806 2660 autem
831 2591 1009 2676 deponetur
1025 2593 1060 2658 in
1076 2611 1207 2661 onmem
1222 2593 1383 2661 Eoolssis.

255 2704 377 2770 Dstnm
402 2720 460 2786 per
485 2719 602 2774 menos
629 2698 776 2785 Vrbenj,
802 2720 889 2766 enno
914 2699 1005 2765 uerbi
1032 2699 1383 2769 incarneti'millesimo

256 2809 463 2880 00⁰.XXX⁰.
480 2807 595 2892 primo.

419 2983 567 3054 (Eredstie
581 2999 599 3037 e
613 2988 694 3038 ssent
707 2983 825 3042 mintooi
838 2941 991 3057 sdopdtsdg
1003 2982 1226 3052 leveltirtbsn.)
