3214 5066
652 334 809 440 Α

171 530 204 594 in
221 547 355 614 gravem
370 529 473 615 ipsius
488 531 669 616 Hospitalis
693 533 873 603 laesionem
904 533 1066 600 nonnullis
1097 512 1222 602 oleriois
1254 541 1287 602 et
1368 539 1390 562 ·'

172 635 268 703 laiois
283 637 446 722 aliquibus
463 657 572 705 eorum
588 639 633 709 ad
648 641 748 707 vitam
763 641 816 708 vel
831 639 891 706 sub
907 658 1006 709 oensn
1031 659 1138 709 annuo
1155 661 1285 711 eonces-

173 749 303 830 serunt5
319 763 453 828 qnorum
468 745 569 831 aliqui
586 743 742 838 dicuntur
752 743 850 836 super
864 747 915 816 his
933 747 1184 843 confirmationis
1199 751 1283 820 litte·

171 868 228 916 ras
254 849 288 916 in
313 851 416 920 forma
443 855 603 921 communi
626 878 647 924 a
672 855 758 924 Sede
784 855 954 928 Catholioa
972 858 1175 944 impetrasse.
1201 857 1286 938 Quia

172 979 249 1026 vero
265 966 376 1026 nostra
391 961 526 1029 interest
541 963 716 1050 superbos
741 964 782 1030 de
808 970 985 1050 opportuno
1012 964 1154 1033 remedio
1179 965 1287 1051 provi·

172 1069 259 1154 dere,
290 1070 486 1138 fraternitati
517 1081 594 1141 tuae
625 1095 684 1159 per
713 1077 902 1163 Apostolioa
933 1069 1056 1164 scripta
1087 1077 1288 1172 mandamns,

171 1183 397 1262 quatennsee,
414 1199 496 1264 quae
513 1180 663 1256 debonis
689 1184 792 1268 ipsius
817 1184 999 1269 Hospitalis
1024 1204 1082 1270 per
1109 1187 1288 1252 concessio-

170 1305 229 1354 nes
244 1288 427 1356 huiusmodi
443 1291 588 1357 alienata
605 1291 767 1360 inveneris
791 1281 904 1360 illiolt'e
936 1296 988 1360 vel
1020 1293 1192 1382 distracta,
1224 1315 1288 1362 non

172 1396 380 1464 obstantibus
397 1399 522 1484 littoris,
539 1402 642 1486 panis,
654 1402 851 1487 juramentis
864 1408 900 1468 'et
916 1401 1214 1471 confirmationibus
1239 1421 1289 1470 sn-

171 1505 330 1590 pradiotis
347 1508 392 1574 ud
405 1507 455 1573 ius
472 1515 503 1572 et
518 1510 748 1594 proprietatem
774 1510 917 1578 eiusdem
943 1511 1126 1597 Hospitalis
1155 1512 1290 1578 studeas

171 1611 317 1698 legitime
333 1633 498 1701 renouare,
515 1615 767 1686 'contradictores
798 1638 857 1705 per
888 1639 1059 1685 oensnram
1092 1619 1289 1686 ecelesiasti-

173 1743 246 1790 oam
263 1723 461 1810 apellatione
477 1725 659 1810 postposita
690 1727 937 1812 compescendo.
969 1726 1084 1793 Testes
1110 1731 1216 1791 autom
1233 1727 1289 1810 qui

172 1829 295 1898 tuerint
308 1831 474 1917 nominati,
491 1832 519 1897 si
535 1853 571 1899 se
586 1833 703 1916 gratia,
730 1835 805 1901 odio
838 1834 890 1902 vel
921 1833 1036 1899 timore
1062 1833 1287 1916 subtraxerint,

171 1959 310 2008 censura
326 1939 424 2008 simili
440 1940 660 2025 appellatione
677 1948 827 2007 cessante
846 1939 1027 2025 oompellas
1055 1940 1184 2007 veritati
1202 1941 1289 2007 testi-

172 2049 316 2115 monium
346 2048 527 2134 perhibere.
559 2049 678 2114 Datum
706 2049 829 2115 Romae
862 2051 987 2116 Romae
1017 2049 1103 2135 apud
1134 2049 1288 2116 Sanctam

172 2157 327 2224 Sabinam
354 2157 413 2221 III.
438 2173 540 2222 nonas
566 2156 758 2222 Nouembris
778 2156 986 2223 Pontificatus
1013 2157 1113 2224 nostri
1138 2177 1223 2224 anno
1240 2177 1290 2225 se·

173 2266 288 2334 eundo.

295 2433 451 2553 (fleverant
469 2473 591 2534 lazese
615 2475 874 2550 gyttjtome'nye'bdl.
891 2478 968 2534 xm.
989 2477 1048 2550 aar.
1067 2479 1111 2536 ss,
1132 2477 1173 2550 s).

613 2739 859 2750 m

705 2953 842 3048 aas¹

176 3165 239 3232 ΙΙΙ.
265 3163 427 3228 Homerios
441 3164 534 3250 pcipe
558 3183 579 3224 a
600 3161 842 3247 teresztysnetot
857 3162 1009 3251 burditju,
1025 3163 1105 3250 bopy
1120 3165 1168 3229 ΙΙ.
1184 3165 1292 3230 ffltdro
1423 3231 1427 3246 ,

245 3289 379 3360 ntapyar
401 3269 521 3357 loir-cilyt
543 3270 692 3336 laerones
715 3271 950 3356 dadjdrutdban
971 3273 1110 3360 soqttno‘lr.
1134 3274 1231 3338 1217.

283 3449 445 3518 Honorius
461 3449 643 3535 Episcopus
660 3493 667 3513 .
685 3497 693 3513 .
709 3445 950 3524 venerabilibus
967 3447 1121 3516 fratribus
1137 3451 1309 3518 Remensi'

174 3559 432 3647 Arohiepisoopo
464 3544 647 3645 (Alberioo)
663 3563 695 3623 et
710 3556 867 3622 universis
894 3555 1067 3643 Episcopis
1085 3579 1123 3626 ao
1140 3560 1289 3645 omnibus

175 3668 398 3737 Hoolesiarum
415 3667 574 3758 Praelatis
591 3673 659 3734 tam
676 3665 833 3750 exemptis
850 3684 955 3752 quam
972 3663 1047 3733 aliis
1072 3685 1131 3752 per
1155 3668 1291 3734 Remen-

176 3797 247 3846 sem
263 3775 465 3861 provinciam
482 3774 653 3842 oonstintis
669 3775 812 3840 salutem
832 3779 893 3839 ete.
917 3774 1085 3842 Adversus
1111 3774 1222 3843 hostes
1247 3775 1292 3843 vi·

176 3885 293 3953 sibiles
319 3881 536 3950 invisibilibus
567 3882 667 3948 armis
683 3879 703 3946 i.
721 3899 748 3946 e.
767 3881 973 3949 oraoionibus
999 3881 1155 3951 dimioaro
1178 3885 1294 3952 veteri·
1332 3883 1336 3892 '

173 3994 236 4061 bus
246 3991 408 4078 exemplis
418 3991 617 4072 instruimur,
635 4009 697 4073 qne
714 3990 833 4058 nostris
850 4008 978 4074 quoque
995 3989 1193 4075 temporibus
1210 3985 1291 4078 (est)

176 4101 345 4185 innovata,
362 4099 492 4184 qnando
519 4081 721 4167 exercituum
743 4099 832 4165 Dens
857 4097 1033 4166 infidelium
1059 4097 1294 4166 multitudinem

177 4207 266 4278 bello
297 4210 331 4276 in
362 4207 525 4294 Hispania
555 4205 690 4274 tradidit
716 4207 748 4272 ln
776 4227 891 4274 manns
908 4225 1085 4293 pannorum
1106 4206 1246 4274 fidelium
1264 4216 1298 4276 et
1359 4201 1360 4204 ’

178 4317 329 4402 gloriam.
354 4317 440 4384 ane
467 4319 576 4382 autem
600 4323 736 4401 tempus,
764 4334 827 4398 quo
851 4313 1003 4399 universi,
1029 4313 1142 4381 fideles
1167 4312 1210 4380 ad
1234 4314 1297 4382 heo

177 4421 299 4492 debent
315 4445 408 4492 arma
424 4428 632 4492 oonourreret
657 4425 743 4489 Hooe
766 4429 904 4508 tempus,
938 4441 1002 4506 qno
1035 4421 1144 4488 sinere
1174 4421 1295 4490 debent

181 4550 357 4619 aspergere
373 4539 473 4620 eaput
487 4533 597 4600 suum!
622 4526 859 4618 denotemus,
886 4523 1089 4615 quo'debent
1111 4531 1145 4597 in
1173 4532 1296 4628 opelum

180 4643 399 4726 laerymarum
416 4647 448 4710 ot
463 4643 650 4724 oraoionum
661 4639 794 4709 vooibus
809 4645 842 4706 et
858 4639 1012 4724 elamore,
1029 4644 1064 4706 nt
1079 4637 1144 4726 ille,
1162 4639 1217 4724 qui
1232 4657 1296 4705 non

1077 4747 1137 4812 10*
