3214 5066
681 823 757 892 too.
795 891 800 902 ,

162 1003 226 1071 ΙΙΙ.
242 1003 406 1088 Honorioo
414 1008 505 1094 pcipe
520 1004 610 1069 N-t
625 987 752 1092 coprcni
766 1005 881 1094 ipsunt,
904 1005 940 1070 lea*
954 1029 975 1070 a
989 1007 1176 1096 kcrcprp'elct
1184 1005 1277 1099 fileto

163 1114 339 1202 raidjdra,
355 1131 395 1178 uz
410 1111 544 1202 apostoli
557 1113 626 1178 azot
640 1111 770 1178 totunm
779 1111 973 1202 pdmfopdsa
988 1113 1043 1179 ato
1057 1117 1148 1185 vesei.
1179 1117 1277 1182 1222.

224 1344 227 1356 .
269 1291 429 1360 Honorius
454 1291 635 1380 Episcopus
650 1285 718 1360 'ete
743 1290 862 1362 dilecto
876 1291 943 1360 filio
958 1292 1061 1362 nobili
1075 1295 1146 1362 viro
1160 1295 1201 1362 N.
1219 1293 1277 1364 Oo-

160 1399 237 1478 niti
247 1399 290 1470 de
305 1402 431 1488 Sopron
448 1401 634 1468 (lentiensis
649 1400 799 1470 Dioccsis
815 1403 954 1470 salutem
970 1411 1030 1472 etc.
1052 1403 1131 1471 Cum
1147 1426 1168 1471 a
1184 1402 1278 1472 nobis

160 1513 282 1600 petitur
296 1515 356 1576 etc.
373 1510 452 1578 Cum
469 1509 568 1596 igitur
583 1509 653 1576 nelo
668 1507 744 1576 fidei
761 1517 792 1576 et
808 1496 987 1579 devotionis
1003 1531 1161 1581 accensus
1177 1512 1277 1580 affixo

159 1621 224 1689 tuis
249 1619 388 1688 humctis
413 1618 506 1701 signo
532 1619 638 1686 crucis
662 1619 868 1704 proposueris
883 1617 916 1685 in
932 1625 1017 1688 terre
1033 1624 1151 1689 Sancte
1174 1623 1278 1690 subsi-

160 1733 249 1800 dium
275 1727 454 1818 proficisci3
481 1747 541 1794 nos
557 1725 622 1791 tuis
638 1726 731 1793 iustis
746 1725 897 1812 precibus
924 1727 1070 1794 inclinati
1094 1748 1276 1816 personam,

159 1849 300 1920 terram,
317 1837 474 1906 familiam
490 1841 521 1902 et
538 1823 647 1902 omnia
662 1833 751 1904 bona
766 1842 834 1918 tua,
855 1855 918 1918 que
934 1836 1212 1922 impresentiarum
1227 1858 1278 1905 rs-

158 1945 359 2018 tionabiliter
383 1941 550 2029 possides,
575 1943 637 2010 sub
663 1942 756 2010 Beati
781 1943 868 2010 Petri
894 1949 927 2009 et
952 1953 1064 2010 nostra
1078 1947 1279 2030 protectione

158 2054 356 2142 suscipimus
371 2055 572 2134 statuentes,
588 2057 623 2116 ut
639 2067 679 2116 cs
695 2049 822 2135 omnia,
838 2055 1011 2135 postquam
1026 2051 1087 2116 iter
1103 2051 1278 2139 arripueris

158 2163 400 2244 trasmarinum,
418 2155 545 2250 integra
561 2166 716 2226 maneant
732 2161 764 2226 et
780 2158 909 2243 quieta,
926 2158 1030 2227 donec
1047 2158 1087 2228 de
1103 2167 1157 2228 tno
1173 2155 1279 2228 reditu

159 2275 212 2342 uel
225 2271 329 2340 'obitu
352 2269 530 2336 certissime
546 2274 770 2351 cognoscatur.
801 2265 891 2334 Nulli
906 2287 982 2353 ergo
1000 2274 1061 2363 etc.
1077 2275 1186 2336 nostre
1202 2289 1277 2354 pro·

158 2379 311 2447 tectioris
328 2384 360 2445 et
375 2377 614 2446 constitutionis
631 2375 815 2460 infringere.
851 2375 960 2459 Siquis
985 2383 1094 2442 sutem
1119 2383 1180 2444 etc.
1204 2372 1276 2443 'Du-

158 2495 226 2554 tum
252 2484 409 2555 Laterani
434 2483 521 2551 XIV.
538 2484 613 2552 Kal.
630 2485 779 2552 Jauuarii
805 2481 1029 2570 (Pontificatus
1054 2481 1171 2572 nostri)
1190 2504 1278 2554 anno

161 2597 313 2684 septimo.
1154 2645 1155 2648 η

268 2701 427 2787 Scriptum
452 2705 503 2767 est
526 2720 585 2785 pro
610 2699 725 2767 eodem
743 2747 747 2762 .
768 2725 802 2766 .;
834 2701 1090 2789 Archiepiscopo
1107 2701 1282 2770 colocensi·

158 2821 215 2880 et.
233 2860 241 2877 .
259 2859 267 2875 .
282 2810 446 2895 Episcopo
464 2807 671 2876 Cenadiensi
695 2809 773 2875 (lum
789 2807 942 2876 dilectum
958 2809 1060 2877 filium
1075 2811 1215 2880 nobilem
1231 2811 1277 2878 vi-

159 2940 230 2988 rum
241 2918 282 2986 N.
294 2916 447 2986 Comitem
463 2917 504 2984 de
521 2917 656 3002 Soprorr,
673 2915 727 3000 qni
742 2916 811 2983 zelo
826 2915 901 3001 fidei
918 2925 950 2984 et
966 2918 1148 2988 devotionis
1163 2939 1279 2988 accen-s

159 3047 214 3096 sns
231 3033 400 3111 assumpto
419 3026 522 3092 crums
532 3025 701 3110 signaculo
712 3027 879 3111 proposuit
894 3027 926 3092 in
942 3033 1026 3094 terre
1037 3029 1158 3095 Sancte
1174 3019 1276 3096 snbsil

158 3136 245 3206 dium
261 3134 440 3222 proficisci,
458 3153 528 3199 cum
544 3139 650 3218 terra,
668 3133 795 3200 familia
811 3141 843 3200 et
860 3135 1006 3200 omnibus
1022 3135 1125 3220 horris,
1142 3155 1203 3219 quc
1219 3137 1275 3202 im-

157 3243 394 3334 presentiarum
419 3231 663 3308 rationabiliter
683 3242 849 3329 possidet,
875 3243 934 3309 sub
951 3243 1150 3332 protectione
1166 3259 1275 3312 susce·

156 3361 300 3442 perimus
318 3351 504 3436 Apostolioe
520 3349 617 3418 Sedis
633 3355 669 3418 et
680 3355 792 3416 nostra
801 3397 810 3434 ,
826 3342 1030 3434 statuentes,
1050 3355 1085 3415 ut
1101 3368 1141 3416 es
1157 3351 1275 3431 omnia,

157 3468 331 3548 postquam
346 3457 408 3525 iter
424 3455 596 3544 arripuerit
620 3456 888 3540 transmarinum,
914 3459 1041 3540 integra
1065 3462 1219 3540 maneant
1243 3465 1276 3525 et

158 3569 289 3655 quieta,
315 3569 420 3656 donec
434 3567 476 3633 de
491 3567 595 3652 ipsius
611 3565 714 3634 reditu
730 3565 782 3648 vel
799 3565 888 3632 obitu
904 3566 1084 3636 certissime
1100 3583 1274 3652 cognosca-

156 3687 226 3764 tur;
243 3673 442 3746 fraternitati
458 3683 566 3743 vestre
581 3673 839 3762 perApostolica
849 3675 971 3760 scripta
981 3674 1184 3760 mandamns,
1194 3664 1273 3758 nus·

155 3794 252 3856 tenus
268 3787 375 3875 ipsum
390 3806 489 3872 super
504 3783 569 3852 hiis
584 3804 648 3852 non
663 3785 830 3870 permittas
857 3785 899 3853 ab
922 3783 1084 3869 aliquibus
1098 3783 1273 3868 molestari,
1287 3809 1292 3821 ¹

156 3899 386 3966 molestatores
402 3895 471 3962 eius
489 3893 651 3962 indebitos
675 3913 734 3979 per
756 3915 924 3964 censuram
940 3893 1202 3963 ecclesiasticam
1217 3913 1274 3981 sp·

155 4006 343 4091 pellectione
358 4004 541 4092 postposita
556 4003 801 4089 compescendo.
817 4005 938 4072 Datum
952 4010 988 4072 nt
1003 4022 1111 4091 supra.

292 4197 357 4276 (ΙΙΙ.
370 4201 516 4260 Honorius
527 4199 603 4278 pope
615 4198 799 4274 Regesttibol
813 4202 939 4260 Theiner
950 4201 988 4258 id.
1001 4219 1037 4256 m.
1050 4199 1094 4259 36.
1107 4201 1146 4276 l.)

584 4518 727 4532 μὴ
742 4519 850 4534 ..ιιι-...ῃ
