3214 5066
624 309 782 468 „re

147 576 206 642 per
220 575 258 623 se
273 555 327 623 uel
341 552 536 642 sollempnes
553 558 689 624 nuncios
705 558 781 624 illuc
797 565 969 626 occurrunt
993 561 1108 646 eidem,
1134 568 1255 632 tracta·

88 715 92 718 .
147 664 209 730 turi
227 663 373 745 cumeis,
390 683 431 728 ex
448 681 512 746 qua
526 669 620 750 parte
636 663 777 732 debeant
799 671 918 733 terram
943 667 1194 737 Sarracenorum
1210 671 1257 737 in-

148 777 255 839 trare:
281 770 518 840 fraternitatem
533 779 622 838 tuam
646 792 801 858 rogamus
816 781 849 839 et
864 795 1031 846 monemus
1047 783 1182 863 attente,
1197 799 1259 864 per

150 879 341 966 Apostolica
371 880 493 966 scripta
523 879 704 966 mandates,
738 883 888 966 quatinus
920 885 1172 971 crucesignatis,
1203 885 1258 967 qni

151 987 290 1055 Januam
315 989 506 1056 convenisse
535 989 692 1075 dicuntur,
726 991 957 1076 evangelizans
988 985 1080 1079 prout
1103 995 1259 1062 Dominus

150 1096 209 1162 tihi
224 1096 350 1164 dederit
371 1097 504 1165 verbum
530 1093 642 1183 crucis,
669 1117 724 1170 eos
748 1120 883 1167 moneas
914 1107 946 1166 et
976 1101 1121 1186 inducas,
1154 1110 1188 1169 ut
1217 1103 1260 1170 ad

152 1203 321 1272 evitandos
336 1205 513 1291 piratarum
530 1213 564 1272 et
579 1205 831 1276 'Sarracenorum
847 1208 1002 1292 incursus,
1030 1210 1125 1276 simul
1149 1230 1257 1296 proce·

152 1311 265 1386 dentes
280 1313 315 1380 in
328 1312 459 1382 uinculo
476 1315 635 1400 caritatis,
653 1316 825 1388 convenire
844 1315 997 1383 studeant
1012 1315 1100 1402 apud
1116 1317 1260 1404 (liprum,

151 1428 183 1487 ut
199 1421 249 1489 sic
265 1420 426 1492 efficatius
442 1424 574 1491 valeant
589 1424 726 1492 Domino
744 1424 905 1491 famulari.
930 1426 999 1490 Nos
1025 1423 1110 1506 enim
1125 1445 1258 1492 venera-

151 1530 248 1598 bilem
266 1529 397 1598 fratrem
423 1539 567 1598 nostrum
589 1533 625 1598 P.
652 1531 869 1620 Albanensem
895 1531 1099 1617 Episcopum,
1125 1534 1261 1620 Aposto-

149 1639 211 1706 lice
227 1638 323 1706 Sedis
339 1639 508 1725 Legatum,
526 1639 567 1706 de
584 1642 677 1726 cujus
703 1639 875 1726 prudentia
902 1647 935 1707 et
961 1640 1077 1706 virtute
1101 1661 1165 1708 non
1193 1648 1259 1710 mm

150 1751 411 1832 argumentorum
428 1748 591 1834 presagia,
610 1767 707 1833 quarn
724 1769 831 1814 rerum
858 1747 1081 1832 experimenta
1103 1749 1199 1815 nobis
1224 1749 1260 1816 fi-

151 1853 223 1920 dem
239 1853 362 1920 faciunt
386 1855 573 1940 pleniorem,
604 1855 805 1942 providimus
837 1855 922 1939 illue,
953 1839 1084 1922 auctore
1114 1855 1261 1941 Domino,

151 1959 389 2043 destinandum,
405 1971 439 2030 ut
455 1965 526 2030 vice
556 1971 667 2030 nostra
697 1963 816 2031 Christi
846 1962 1018 2048 negotium,
1050 1970 1145 2050 prout
1175 1962 1261 2030 idem

150 2071 368 2158 inspiraverit,
397 2072 523 2138 ordinet
540 2079 573 2138 et
583 2072 747 2158 disponat.
764 2073 815 2136 Ex
830 2081 923 2160 parte
939 2077 1046 2138 eutem
1066 2078 1177 2138 nostra
1192 2074 1260 2138 uni·

152 2178 258 2245 versis
275 2181 507 2264 crucesignatis
517 2183 577 2247 suh
597 2201 683 2266 pena
698 2179 1205 2266 excommunicationisinhibeas,
1217 2200 1258 2247 ne

152 2287 327 2371 quisquam
352 2288 557 2376 sepulchrum
582 2286 710 2357 Domini
738 2289 872 2356 uisitare
900 2296 1074 2376 presumat,
1093 2308 1172 2356 cum
1197 2286 1260 2354 nisi

154 2395 347 2464 Sarracenis
367 2399 471 2464 soluto
503 2397 621 2464 tributo
652 2401 758 2466 nullus
782 2399 858 2465 illuc
875 2397 1031 2480 accedere
1047 2398 1158 2464 valeat
1173 2394 1274 2501 Chri-⁸

151 2504 285 2570 elianus.
311 2504 362 2570 Ad
378 2505 447 2590 heo,
464 2506 538 2587 quia
554 2506 594 2572 de
610 2513 667 2574 tua
682 2501 876 2574 discretione
893 2529 931 2572 ac
947 2507 1116 2573 honestate
1131 2506 1261 2588 plenam

152 2611 184 2678 iu
198 2613 341 2678 Domino
355 2611 506 2680 fiduciam
522 2611 711 2698 obtinemus,
728 2601 863 2682 liberam
889 2615 949 2680 tibi
975 2613 1166 2680 auctoritate
1190 2627 1262 2696 pre-

152 2717 290 2786 sentium
322 2723 526 2790 concedimus
556 2721 752 2805 facultatem,
784 2729 819 2788 ut
849 2722 889 2788 de
914 2721 1047 2787 oonsilio
1064 2715 1213 2802 Magistri
1230 2724 1263 2784 ct

153 2815 288 2894 fratrum
303 2829 483 2917 Hospitalis
498 2829 752 2897 Jerosolimitani
769 2837 801 2896 et
817 2829 933 2896 Militie
954 2829 1091 2914 Templi,
1109 2847 1166 2894 seu
1183 2827 1262 2892 elio·

152 2955 221 3002 rum
239 2937 395 3004 bonorum
411 2921 560 3022 virorum,
580 2921 660 3021 quos
689 2939 722 3004 in
746 2939 900 3004 auxilium
926 2941 1013 3004 tuum
1039 2955 1145 3021 voees,
1172 2935 1262 3002 cleri·

153 3063 218 3130 eos,
239 3047 391 3113 mulieres
407 3052 439 3112 et
455 3047 539 3114 alias
556 3065 726 3132 personas,
743 3046 866 3113 debiles
884 3052 917 3111 et
932 3045 1088 3128 infirmas,
1103 3043 1157 3128 uel
1174 3042 1259 3110 alias

152 3159 347 3237 paupertate
362 3159 528 3238 gravatas,
544 3173 625 3237 quas
656 3153 786 3218 inutiles
814 3171 887 3218 esse
911 3151 1002 3220 vides
1028 3153 1061 3217 in
1086 3149 1263 3217 subsidium
1303 3219 1315 3246 ι

151 3265 234 3328 terre
252 3259 382 3345 Sancte,
396 3279 528 3340 moneas
546 3269 578 3325 et
593 3260 738 3344 indueus,
756 3267 787 3325 et
804 3259 901 3324 etiam
918 3281 989 3324 oum
1006 3259 1054 3326 eis
1071 3256 1263 3323 anctoritate

152 3375 266 3437 nosue
282 3370 466 3454 dispenses,
482 3377 516 3434 ut
532 3369 623 3435 iuxta
639 3369 788 3454 proprias
809 3367 983 3435 facultates
1008 3365 1262 3450 redemptionem

156 3477 291 3562 itineris,
308 3485 340 3544 et
357 3495 529 3564 expensas,
550 3497 630 3559 quus
657 3485 769 3542 essent
790 3476 822 3541 in
847 3475 994 3560 predicta
1019 3479 1105 3539 terra
1130 3472 1263 3562 lecture,

157 3585 232 3656 aliis
250 3587 384 3652 utilibus
395 3571 678 3653 transfretantibus
695 3587 784 3650 iuxta
800 3595 853 3652 tue
872 3581 1077 3651 discretionis
1097 3579 1268 3648 consilium·

152 3695 345 3782 largiuntnr,
367 3715 523 3764 concessa
539 3697 586 3762 eis
604 3695 700 3792 uenia
716 3701 933 3780 peccatorum,
958 3698 1052 3778 prout
1068 3697 1117 3757 est
1134 3707 1263 3775 expres-

153 3823 224 3872 sum
240 3806 274 3870 in
292 3805 428 3872 concilio
444 3805 603 3890 generali.
626 3803 748 3900 Datum
763 3795 929 3872 Ferentini
944 3801 1002 3868 IX.
1019 3801 1092 3868 Kal.
1111 3795 1259 3884 Augusti.

152 3911 362 3982 Pontificatus
378 3914 479 3981 nostri
495 3933 580 3982 anno
596 3913 747 3980 seeundo.
871 3925 875 3934 '

271 4071 335 4143 (ΙΠ.
355 4071 498 4129 Honorius
517 4069 593 4146 pdpa
611 4037 804 4146 Regestdibol,
824 4072 950 4130 Theiner
968 4067 998 4126 id
1017 4087 1052 4126 m.
1073 4069 1098 4123 7.
1115 4067 1147 4138 l.)

598 4337 841 4351 t———dr-—a--u--o

210 4783 318 4830 ιιοιιιιιι
332 4763 603 4828 sesemen-orsu
617 4781 637 4822 s.
757 4759 760 4767 '
