3222 5054
859 821 937 888 15³.

220 1033 237 1056 ⁴
330 1003 516 1092 Azuproti
530 965 686 1090 kdptalart
701 999 845 1088 Katpatt
858 1012 937 1066 aeott
955 1004 1068 1066 nemesi
1081 1001 1247 1066 birtoicnok
1271 1000 1347 1066 mut
1371 999 1458 1066 idb're

484 1117 595 1180 tbrteut
620 1113 862 1179 ocmtuzmorot
886 1113 1085 1198 biaorryodpot
1109 1109 1163 1176 tid.
1190 1111 1289 1174 1228.

438 1293 623 1382 Capitulum
641 1291 791 1359 Ecclesie
806 1291 1040 1376 Zagrabiensis
1066 1291 1128 1358 stb.
1160 1289 1254 1368 Quod
1281 1285 1457 1356 Wolsireca

330 1403 434 1471 nobili
450 1403 519 1470 viro
535 1422 600 1469 vna
616 1423 689 1468 cum
706 1399 859 1466 iratribus
877 1400 945 1464 suis
964 1399 1066 1466 Seids
1082 1409 1114 1464 et
1125 1399 1222 1483 Mega
1238 1395 1314 1464 filiis
1329 1397 1456 1462 Menten

332 1511 375 1578 ab
392 1531 458 1576 una
473 1517 567 1596 parte
577 1559 586 1594 ‚
614 1517 646 1575 et
670 1507 810 1576 Roberto
837 1505 964 1574 Oomito
983 1506 1051 1573 filio
1067 1506 1150 1573 Abel
1166 1505 1208 1572 ab
1226 1506 1332 1570 altera
1348 1523 1456 1572 coram

331 1620 425 1686 nobis
446 1619 663 1706 personaliter
689 1615 891 1700 constitutis,
916 1615 1004 1682 idem
1020 1615 1196 1681 Woisbeoa
1212 1614 1329 1680 Comes
1346 1620 1379 1701 st
1394 1613 1456 1678 fra-

330 1733 398 1794 tres
414 1729 465 1793 sni
481 1727 629 1812 superius
645 1725 792 1792 annotati
807 1725 937 1811 publice
963 1731 1038 1790 sunt
1062 1721 1254 1810 protestati,
1280 1720 1368 1806 quod
1393 1721 1456 1807 ipsi

330 1837 494 1903 uinculum
509 1833 728 1920 proximitatis
744 1835 892 1900 volentes
909 1851 979 1898 oum
998 1833 1069 1917 ipsc
1086 1831 1213 1898 Gemite
1225 1831 1366 1896 Roberto
1383 1849 1455 1896 con-

330 1945 461 2012 trahere
486 1942 592 2010 eidem
618 1941 801 2009 introductu
817 1940 882 2006 filie
898 1941 1018 2026 prefati
1034 1938 1213 2007 Wolsbcca
1229 1939 1358 2004 nomine
1374 1937 1454 2003 Dra-

330 2059 407 2138 gozt
421 2052 663 2138 possessionem
679 2051 823 2136 ipsorum
839 2048 1073 2116 hereditariam
1089 2048 1276 2134 Ouipateuu
1293 2054 1454 2123 vocatam,

331 2179 404 2227 cum
429 2159 579 2226 omnibus
605 2159 797 2225 utilitatibus
824 2165 857 2224 et
881 2157 1093 2242 pertinenciis
1120 2175 1179 2222 seu
1196 2155 1455 2223 circumstanoiis

331 2268 398 2334 suis
423 2269 518 2333 metis
543 2267 735 2353 subscriptis
760 2266 969 2334 interclusam
996 2265 1156 2333 dederunt
1179 2285 1237 2331 seu
1253 2267 1456 2332 contulerunt

331 2374 437 2441 eidem
453 2377 597 2443 Robcrto
614 2374 731 2441 Comiti
748 2381 781 2439 et
796 2396 854 2460 per
871 2385 943 2442 cum
959 2374 1027 2442 suis
1042 2371 1220 2440 heredibus
1237 2373 1455 2454 heredumque

331 2483 574 2550 successoribus
596 2483 672 2567 jure
698 2489 852 2568 perpetuo
878 2480 1122 2568 possidendam,
1139 2478 1249 2546 dando
1267 2481 1374 2546 eidem
1391 2481 1455 2545 Ro-

331 2589 422 2656 berto
439 2591 567 2658 Conciti*
584 2599 616 2657 et
640 2591 711 2656 snis
737 2591 978 2657 successoribus
996 2589 1134 2656 liberam
1151 2597 1184 2657 et
1199 2589 1330 2676 plenam
1347 2591 1455 2675 opcio·

330 2717 404 2762 nem
422 2698 462 2764 de
478 2699 553 2784 ipsa
568 2699 778 2785 possessione
796 2699 986 2782 ordinandi,
1012 2698 1207 2784 disponendi
1223 2699 1315 2766 iuxta
1332 2701 1458 2766 libitum

330 2823 388 2872 sue
414 2807 603 2873 voluntatis.
635 2808 697 2873 Pro
714 2810 805 2874 cuius
823 2808 900 2876 iacti
916 2807 1069 2892 ampliori
1084 2808 1214 2876 cautela
1230 2827 1329 2874 vnum
1346 2829 1388 2874 ex
1404 2826 1457 2872 no-

330 2912 391 2992 bis,
409 2915 512 2982 uirum
527 2917 638 2998 utique
654 2913 870 3004 fidedignum,
888 2918 1077 3002 magistrum
1093 2915 1221 2982 scilicet
1236 2915 1457 3002 Dragoslaum

328 3041 388 3106 pro
404 3020 617 3108 inspiciendis
635 3031 667 3089 et
684 3023 932 3092 considerandis
949 3025 1045 3092 metis
1056 3025 1357 3118 etcircumstapciis
1372 3033 1458 3091 terre

331 3129 511 3214 prescripto
527 3129 785 3220 transmisimus3
803 3131 859 3216 qui
875 3133 1002 3201 demum
1019 3133 1062 3200 ed
1079 3153 1139 3200 nos
1156 3133 1287 3200 rediens
1303 3132 1459 3201 iudicauit

331 3236 427 3303 nobis
453 3237 538 3320 qnod
565 3241 780 3326 prescriptam
805 3243 1049 3328 possessionem
1069 3243 1130 3309 sub
1147 3243 1243 3310 certis
1259 3243 1357 3309 metis
1374 3248 1408 3310 et
1422 3244 1459 3309 li·

331 3343 470 3428 mitibus,
488 3347 695 3430 presentibus
720 3351 975 3416 commentaneis
992 3357 1025 3416 et
1039 3349 1157 3416 vicinis
1171 3369 1213 3416 ac
1228 3349 1262 3414 in
1278 3349 1367 3418 nullo
1384 3370 1458 3418 con-

330 3450 567 3520 tradicentibus
591 3457 840 3525 reambnlasset.
872 3459 1055 3525 Astiterunt
1085 3457 1190 3526 eciam
1223 3457 1459 3542 consanguinei

324 3577 389 3664 ‘scu
404 3559 543 3654 proximi
559 3557 675 3628 Ultece
692 3563 827 3632 Comitis
843 3583 901 3632 sou
917 3563 1051 3633 fratrum
1069 3585 1200 3632 suorum
1217 3565 1344 3633 scilicet
1372 3613 1381 3631 .
1399 3617 1406 3633 .
1425 3616 1457 3633 ..

219 3721 221 3728 .
332 3661 574 3750 (kovetkeznek
590 3669 740 3737 ezeknek
756 3669 866 3759 nerei)
883 3721 891 3738 .
910 3721 917 3737 .
936 3723 943 3737 .
963 3722 971 3739 .
996 3673 1052 3758 qui
1067 3674 1281 3741 donacionem
1297 3694 1457 3746 memora·

330 3779 399 3838 tam
427 3773 488 3838 sub
513 3775 609 3842 metis
634 3784 668 3842 et
693 3777 852 3846 limitibus
870 3779 1088 3868 infrascriptis
1105 3801 1266 3850 consensu
1282 3803 1341 3850 suo
1358 3783 1452 3852 ratid

331 3885 444 3944 cantes
469 3879 540 3946 sine
565 3884 829 3952 contradiooione
853 3887 966 3970 aliqua
992 3889 1196 3956 admiserunt
1211 3897 1244 3957 et
1259 3910 1455 3959 consensum

329 3985 527 4071 prebuerunt
541 3993 727 4060 unanimem
743 4002 777 4062 et
791 4015 972 4063 assensum.
991 3994 1246 4085 (Ko'vetkennek
1256 4019 1278 4066 a
1288 3998 1455 4085 hatdrck.)

329 4093 368 4158 In
394 4094 485 4160 cuius
511 4095 560 4162 rei
585 4099 812 4169 certitudinem
829 4106 890 4172 stb.
922 4103 1043 4172 Datum
1060 4106 1094 4172 in
1111 4107 1239 4177 octauis
1255 4107 1368 4176 Sancti
1384 4107 1450 4176 sse

329 4198 432 4284 phani
448 4203 547 4286 Regis
563 4205 813 4302 ucoxxvm„
859 4243 861 4248 ·

634 4385 713 4460 (xv.
732 4385 848 4444 sazau
866 4345 1145 4470 nitelattiratbot)

768 4664 1025 4684 nam—...1-
