3222 5054
804 752 883 820 tos.

287 931 340 998 IX
364 931 497 1018 Gerpely
509 932 663 1017 pdpdook
679 955 699 996 u
711 931 939 1018 panaoolalmi
956 932 1194 996 uzant-marrona·
1218 934 1355 1019 opotedp
1381 933 1413 995 ea

288 1033 327 1104 aa
343 1042 523 1127 easterpomi
538 1041 749 1106 ssent-tamam
757 1044 888 1126 prepost
902 1039 987 1105 loliztt‘
1007 1040 1233 1126 t'o'rveaykezesi
1247 1041 1412 1106 rendelele.

797 1151 896 1214 1229.

296 1387 299 1390 .
398 1324 579 1409 Gregorius
595 1327 777 1414 Episcopus
804 1347 917 1397 seruus
942 1349 1109 1398 seruorum
1125 1327 1188 1396 Dei
1211 1329 1333 1397 dilecto
1349 1328 1416 1396 filio

291 1433 450 1521 Magistro
466 1435 584 1522 Egidio
599 1437 807 1508 Subdiaeono
824 1445 856 1503 et
872 1438 1052 1524 capellano
1070 1445 1202 1520 nostro,
1228 1441 1367 1506 salutem
1384 1444 1417 1504 et

292 1542 517 1628 Apostolioam
534 1543 802 1611 benedietionem.
821 1545 872 1610 Ex
888 1553 982 1630 parte
999 1545 1187 1612 dilectorum
1198 1545 1337 1612 filiorum
1355 1593 1363 1610 .
1382 1592 1390 1608 .
1407 1589 1416 1610 .

293 1648 434 1716 Abbatis
450 1657 483 1716 et
499 1650 687 1718 conuentus
703 1649 817 1720 Saneti
833 1652 967 1720 Martini
981 1653 1023 1722 de
1040 1653 1211 1719 Pannonia
1226 1651 1289 1719 fuit
1304 1671 1419 1739 propo·

293 1757 390 1824 situm
406 1776 516 1824 eoram
533 1759 628 1826 nobis
638 1809 647 1842 ‚
663 1758 749 1842 qnod
764 1777 836 1824 oum
853 1809 860 1824 .
880 1807 887 1824 .
906 1809 913 1826 .
942 1761 1130 1847 Propositus
1156 1761 1270 1828 Sanoti
1294 1761 1419 1828 Thome

295 1865 529 1950 Strigoniensis
544 1865 635 1950 ipsos
650 1885 750 1950 supra
763 1867 906 1964 quadam
923 1887 1050 1934 summa
1069 1869 1208 1952 pecunie
1228 1887 1337 1934 eoram
1359 1917 1367 1933 .
1386 1917 1419 1933 ..

295 1972 407 2042 Priore
423 1972 465 2042 de
475 1973 744 2044 Pelauotoritate
755 1975 948 2062 Apostolioa
964 1974 1162 2060 conueniret,
1178 1975 1243 2062 ipsi
1259 1975 1419 2043 habentes

296 2082 441 2151 Priorem
467 2082 607 2149 eundem
623 2090 808 2168 suspectum
834 2103 876 2150 ex
902 2103 957 2166 eo,
984 2083 1063 2167 quia
1089 2101 1162 2148 oum
1186 2076 1422 2169 ipso'similem

298 2210 432 2258 eausam
448 2190 529 2258 laeti
544 2199 576 2256 et
591 2192 670 2260 iuris
685 2192 862 2276 habebant,
878 2191 951 2258 dari
968 2191 1031 2260 sibi
1047 2191 1207 2270 arbitros,
1224 2211 1336 2259 eoram
1352 2193 1421 2278 qai·

297 2300 359 2364 bus
383 2299 595 2384 suspitionem
618 2301 793 2384 probarent
817 2300 1002 2368 huiusmodi
1030 2301 1204 2386 petierunt.
1236 2300 1325 2381 Quos
1352 2322 1422 2366 oum

299 2406 404 2472 dietus
419 2407 513 2472 Prior
530 2407 579 2474 eis
596 2408 773 2475 oonoedere
790 2411 979 2494 denegaret,
996 2415 1144 2474 nostram
1158 2407 1358 2477 audientiam
1369 2429 1424 2495 ap-

299 2513 473 2600 pellarunt
489 2514 634 2600 Ideoque
649 2515 839 2584 discretioni
855 2525 908 2585 tue
924 2537 983 2601 per
993 2517 1186 2602 Apostolica
1202 2517 1325 2604 scripta
1335 2537 1424 2606 man·

301 2622 430 2706 damus,
446 2625 597 2709 quatinus
613 2625 642 2689 si
657 2633 707 2690 eet
722 2626 771 2692 ita
780 2675 789 2710 ‚
805 2633 959 2691 reuocato
977 2625 1020 2692 ad
1037 2631 1159 2692 statum
1176 2623 1322 2692 debitum
1338 2627 1425 2707 quie

302 2729 381 2816 quid
403 2737 478 2816 post
501 2729 756 2816 appellationem
779 2731 963 2802 huiusmodi
989 2738 1110 2797 temere
1133 2731 1297 2800 inueneris
1314 2739 1426 2798 attem-

302 2847 428 2925 ptatum
437 2886 447 2921 ,
475 2837 509 2904 in
525 2858 627 2908 eausa
643 2838 718 2924 ipsa
733 2839 825 2905 iuxta
840 2841 959 2925 prioris
974 2839 1156 2926 Apostoliei
1175 2839 1324 2905 mandati
1339 2847 1426 2907 teno-

303 2962 373 3010 rem
389 2944 614 3030 appellatione
629 2951 756 3014 remota
781 2949 895 3032 preuia
920 2947 1047 3013 ratione
1074 2945 1244 3032 procedas.
1275 2947 1430 3034 Alioquin

304 3060 416 3142 partes
432 3051 475 3119 ad
490 3052 628 3122 iandieti
643 3049 732 3142 (lgy)
748 3053 869 3122 Prioris
886 3055 1033 3136 remittas
1049 3073 1209 3138 examen,
1224 3055 1430 3142 appellantes

305 3163 340 3229 in
363 3159 518 3248 expensis
541 3161 695 3246 legitimis
720 3163 1002 3249 condempnando.
1032 3161 1151 3230 Testes
1167 3151 1276 3230 antem
1291 3163 1350 3246 qni
1365 3163 1431 3230 fue·

305 3269 371 3338 rint
384 3271 562 3354 nominati,
579 3271 608 3338 si
623 3290 660 3337 se
676 3271 804 3357 gratia,
821 3269 896 3338 otlio
912 3271 965 3337 uel
981 3270 1097 3336 timore
1113 3269 1351 3354 subtraxerint,
1361 3255 1364 3261 ’
1375 3287 1432 3356 per

308 3399 478 3450 censuram
496 3380 756 3450 eeclesiasticam
772 3381 994 3467 appellatione
1010 3384 1162 3446 cessante
1179 3379 1359 3464 compellas
1375 3397 1432 3445 ne-

308 3491 398 3560 ritati
413 3489 634 3556 testimonium
650 3489 832 3575 perhibere.
848 3487 969 3556 Datum
986 3487 1143 3556 Laterani
1158 3485 1337 3574 Id.Martij.
1352 3489 1432 3558 Pon·

308 3597 450 3666 tilieatus
464 3597 568 3664 nostri
583 3615 670 3665 anno
687 3597 798 3664 tereto.
1069 3613 1070 3616 ’

472 3790 618 3864 (llredetie
630 3808 648 3846 a
660 3788 879 3849 suant-martoni
891 3789 1045 3865 fllapltsag
1056 3787 1279 3858 leveltarrlban.)
