3214 5072
876 377 921 449 '10

815 474 975 494 W

339 565 450 665 plures
466 583 701 686 ministeriales
710 579 810 665 Regis
826 580 998 648 viciniores
1023 588 1056 648 et
1085 581 1210 667 remoti,
1242 597 1324 664 quos
1348 559 1465 652 omnes

342 692 522 760 nomitatim
538 693 743 760 dinumerare
760 693 813 758 vel
829 690 1013 758 describere
1028 692 1163 778 longum
1180 697 1239 758 est.

697 886 753 958 (Aa
772 886 878 942 eredeti
895 885 974 942 utin.
995 889 1099 956 Curi).

872 1173 930 1242 34.
1048 1197 1050 1202 ·

337 1359 403 1427 ΙΙΙ.
426 1355 554 1424 secutor
570 1362 662 1446 pdpc
684 1379 706 1422 a
727 1318 990 1422 Puoooobalmda
1006 1355 1074 1422 leod
1087 1357 1305 1422 szcntmdrtoci
1319 1359 1455 1444 apcadp

655 1467 765 1553 joquit
796 1467 985 1554 praepatari.
1020 1465 1117 1531 11⁷5.

383 1643 386 1651 '
442 1644 630 1713 Alexander
646 1644 830 1731 Episcopus
846 1663 959 1711 seruus
975 1662 1142 1711 seruorum
1166 1643 1239 1730 Dei,
1265 1643 1394 1712 dilectis
1418 1642 1456 1710 d·

335 1753 401 1839 liis,
433 1754 594 1822 Reinaldo
624 1755 746 1822 Abbati
777 1755 966 1822 monasterii
991 1755 1105 1822 Sancti
1129 1755 1261 1821 Martini
1286 1755 1320 1820 in
1343 1755 1455 1822 Monte
1519 1823 1521 1826 .

335 1883 436 1949 supra
447 1865 648 1932 Pannoniam
664 1866 729 1948 siti,
742 1865 875 1947 eiusque
891 1863 1047 1930 fratribus
1057 1871 1124 1929 tam
1135 1863 1341 1946 presentibus
1356 1881 1455 1946 quarn

334 1971 451 2038 futuris
476 1973 660 2056 regularem
685 1973 787 2038 uitam
818 1971 975 2056 professis
1006 1973 1040 2036 in
1070 1966 1455 2058 perpetuum-Quotiens

333 2079 415 2146 illud
431 2078 561 2145 anobis
577 2081 707 2164 petitur,
736 2079 821 2162 quod
846 2080 996 2166 religioni
1032 2087 1064 2145 ct
1088 2077 1255 2146 honestati
1280 2081 1455 2146 conuenire

336 2185 524 2270 dinoscitur,
549 2188 657 2254 animo
689 2207 747 2254 nos
763 2187 858 2256 decet
888 2188 1002 2256 libenti
1018 2189 1207 2270 consedere,
1224 2195 1257 2252 et
1272 2187 1453 2273 petentium

334 2293 508 2377 desiderijs
525 2314 703 2378 congruum
720 2294 903 2380 sufragium
928 2296 1093 2379 impertiri.
1117 2295 1314 2380 Eupropter,
1340 2293 1455 2362 dilecti

322 2403 367 2468 'in
382 2403 522 2470 Domino
538 2401 605 2483 filii,
628 2404 747 2470 uestris
775 2405 868 2470 iustis
892 2403 1166 2490 postulationibus
1192 2403 1370 2471 clementer
1395 2391 1452 2470 an-

333 2513 471 2594 nuimus,
488 2518 521 2578 et
535 2513 696 2596 prefatum
713 2513 957 2598 monasterium,
979 2514 1011 2578 in
1037 2531 1099 2596 quo
1115 2513 1235 2579 Diuino
1261 2511 1341 2580 estis
1358 2512 1451 2580 obse-

302 2701 306 2712 ·
335 2620 412 2704 quio
429 2619 618 2704 mancipati,
635 2621 694 2686 sub
705 2620 800 2688 Beati
816 2622 905 2688 Petri
922 2629 954 2688 et
969 2628 1082 2687 nostra
1097 2622 1297 2704 protectione
1313 2623 1449 2709 suscipi·

333 2747 414 2810 mus,
442 2735 475 2794 et
497 2730 661 2813 presentis
687 2730 799 2814 scripti
829 2730 1012 2816 priuilegio
1033 2729 1274 2796 communimus.
1298 2729 1451 2816 Inprimis

331 2835 493 2919 siquidem
511 2843 702 2920 statuentes,
718 2845 754 2902 ut
770 2839 848 2906 ordo
865 2837 1063 2904 monasticus
1080 2843 1135 2921 qui
1150 2836 1327 2905 secundum
1342 2839 1450 2906 Deum

330 2943 466 3010 etBeati
475 2945 644 3012 Benedicti
653 2947 799 3029 regulam
809 2945 842 3010 in
855 2945 967 3013 eodem
979 2947 1175 3029 mopasterio
1187 2945 1355 3012 institutus
1371 2965 1447 3014 esse

331 3053 549 3138 dignoscitur,
578 3055 745 3138 perpetuis
769 3054 899 3120 ibidem*
916 3056 1114 3140 temporibus
1137 3053 1371 3120 inuiolabiliter
1394 3053 1448 3120 ob

332 3169 487 3228 seruetur.
511 3165 664 3230 Preterea
680 3145 888 3247 quascunque
904 3165 1345 3249 possessiones‚·qoecunque
1362 3163 1449 3230 bona

330 3271 417 3338 idem
427 3273 660 3338 monasterium
670 3273 702 3338 in
718 3274 955 3358 presentiarum
971 3272 1055 3340 iuste
1070 3279 1102 3339 et
1117 3261 1274 3339 canonice
1288 3271 1448 3356 possidet,

331 3387 387 3446 aut
402 3381 435 3448 in
452 3379 592 3448 futurum
610 3384 819 3451 concessione
835 3381 1033 3466 Pontificum,
1050 3383 1223 3468 largitione
1238 3381 1375 3465 Regum,
1391 3381 1446 3446 vel

329 3489 525 3577 Principum,
536 3490 701 3556 oblatione
717 3489 870 3576 fidelium,
881 3511 940 3558 seu
956 3493 1032 3577 alijs
1048 3492 1142 3557 iustis
1152 3489 1258 3568 modis
1278 3493 1446 3574 prestante

329 3597 469 3665 Domino
485 3601 605 3683 poterit
620 3599 768 3686 adipisci,
784 3599 877 3676 firma
894 3601 985 3666 vobis
1012 3602 1194 3683 vestrisque
1204 3597 1446 3668 successoribus

330 3715 363 3774 et
377 3708 506 3774 illibata
522 3716 743 3792 permaneant.
767 3710 806 3774 ln
828 3709 944 3792 quibus
964 3709 1024 3776 hec
1049 3708 1204 3794 proprijs‘
1217 3707 1367 3774 duximus
1393 3723 1447 3772 ex·

329 3815 499 3902 primenda
514 3816 694 3882 vocabulis.
718 3819 840 3883 Locum
857 3817 972 3904 ipsum,
991 3819 1023 3885 iu
1049 3836 1113 3900 quo
1138 3815 1351 3902 prescriptum
1378 3833 1445 3880 mo-

330 3923 508 3990 nasterium
525 3925 793 3992 constitutumest
810 3946 884 3993 cum
900 3927 1048 3994 omnibus
1072 3915 1276 4011 pertinentiis
1301 3924 1381 3990 suis.
1406 3925 1445 3992 Iu

332 4032 526 4121 Episcopatu
564 4034 782 4122 Vespr-ioricam
813 4035 986 4103 ecclesiam
1012 4035 1125 4103 Sancti
1149 4034 1281 4102 blartiui
1306 4033 1340 4098 in
1364 4031 1447 4102 uilla

330 4139 479 4210 Kourisis
496 4139 722 4227 eonbtimtam3
746 4144 778 4208 in
805 4145 884 4210 villa
900 4143 1001 4210 Turdi
1019 4143 1191 4211 ecclesiam
1215 4139 1345 4208 Domini
1367 4139 1446 4206 Sul-

202 4295 204 4298 ·
330 4250 469 4336 catoris,
497 4253 530 4318 in
545 4250 625 4317 uilla
640 4251 753 4340 Popey
772 4255 944 4322 ecclesiam
970 4255 1091 4322 Sancte
1107 4253 1209 4320 Maria
1225 4269 1298 4316 cum
1314 4249 1445 4316 unirer·

330 4357 376 4422 sis
391 4358 594 4442 pertinentiis
608 4357 687 4425 suis.
704 4361 742 4426 In
756 4361 953 4447 Episcopatu
969 4359 1134 4426 (latiensi
1144 4356 1315 4424 ecclesiam
1331 4355 1445 4424 Sancti

329 4461 461 4530 Martini
475 4468 508 4532 in
525 4467 673 4548 Sabaria,
691 4473 723 4534 et
739 4469 915 4536 ecelesiam
931 4469 1044 4538 Sancti
1059 4466 1253 4550 willibaldi,
1271 4463 1443 4532 ecclesiam

329 4571 450 4638 Sancte
479 4573 582 4638 Mario
613 4575 758 4661 capelle;
781 4577 965 4644 Ecclesiam
990 4579 1109 4645 Sancte
1143 4576 1246 4645 ldarie
1271 4575 1305 4644 in
1328 4571 1443 4658 Piuio;

329 4679 501 4746 ecclesiam
519 4681 631 4748 Sancti
646 4683 815 4752 adalberti
832 4687 864 4752 in
880 4685 1058 4755 Wascienu
1073 4705 1145 4756 oum
1161 4683 1310 4752 omnibus
1325 4697 1439 4753 earum
1469 4691 1471 4696 ’
