3222 5054
870 821 947 888 ¹82.

343 1003 402 1071 IX.
419 1001 553 1092 Gerpely
571 1003 664 1092 popo
688 1023 720 1068 o*
728 999 959 1086 poemenialmt'
982 1003 1219 1070 meromontem·
1246 1005 1382 1092 apdtstip
1398 1005 1431 1068 e‘o
1449 1028 1473 1070 a

342 1111 479 1198 soutopyi
494 1111 693 1197 espesreststp
708 1107 779 1174 leon
794 1105 959 1194 oSornopy
968 1110 1086 1196 mepyei
1100 1109 1356 1178 tizedeltreoeaoe
1372 1109 1473 1176 ko'tott

666 1219 834 1306 eppesstpet
848 1217 1032 1304 asportasti.
1049 1217 1146 1320 1232.

260 1473 264 1478 ,
448 1396 626 1483 Gregorius
650 1394 835 1482 Episcopus
867 1413 983 1463 seruus
1009 1415 1176 1464 seruorum
1201 1397 1266 1465 Dei
1287 1397 1473 1466 venerabili

341 1505 434 1572 tratri
444 1553 472 1572 ..
489 1506 651 1592 Episcopo
667 1503 901 1591 vesprimiensi
924 1505 1065 1572 salutem
1081 1511 1113 1571 et
1128 1507 1352 1592 Apostoliosm
1367 1506 1469 1574 bene·

342 1612 526 1681 dictionem.
559 1612 680 1681 Dileeti
702 1611 763 1679 tilii
778 1659 786 1677 .
803 1659 837 1680 ..
861 1611 976 1680 Albos
1001 1619 1034 1680 et
1056 1614 1246 1683 Oonuentus
1275 1613 1470 1682 llonasterii

342 1720 457 1790 Sauoti
470 1721 605 1790 Martini
620 1715 663 1789 de
678 1721 848 1788 Pannonia
868 1721 963 1787 nobis
981 1720 1147 1790 humiliter
1164 1723 1391 1812 supplicarunt
1399 1771 1409 1805 ,
1432 1726 1472 1789 ut

342 1829 631 1918 oompositionem,
650 1850 713 1914 que
731 1829 815 1896 inter
831 1830 921 1917 ipsos
937 1849 979 1896 ex
994 1837 1088 1916 porte
1104 1851 1181 1918 una,
1197 1840 1231 1898 et
1247 1879 1255 1897 .
1271 1877 1281 1898 .
1297 1829 1471 1899 Arohidia·

341 1958 460 2007 oenum
477 1937 724 2023 Simigiensom‚
740 1939 895 2005 Reotores
911 1937 1134 2007 Euolesiarnm
1151 1947 1184 2008 et
1198 1940 1398 2028 presbiteros
1409 1938 1470 2006 Ar-

343 2045 589 2124 ebidiaeonatus
606 2045 721 2132 ipsius,
739 2045 991 2132 Vesprimiensis
1008 2047 1160 2116 Diooesis
1174 2066 1217 2115 ox
1232 2047 1348 2134 altero,
1368 2067 1470 2134 super

340 2154 613 2224 deeimationibns
638 2151 804 2222 hominum
827 2155 1094 2222 uenditionalium
1119 2157 1254 2243 propria
1276 2155 1415 2224 sellario
1433 2161 1471 2222 et

342 2259 489 2350 (h)orreo
503 2261 690 2330 habentium
708 2263 743 2333 in
758 2261 920 2331 comitatu
936 2269 970 2330 et
984 2263 1262 2333 Arehidieeonatu
1278 2263 1471 2348 simigiensi

341 2369 550 2438 existentium
574 2369 791 2438 amioabiliter
810 2371 1005 2454 interuenit,
1022 2372 1191 2440 obseruari
1207 2377 1313 2459 perte
1328 2369 1469 2438 inuiola-

341 2478 451 2545 biliter
476 2477 670 2544 faceremus.
710 2478 856 2563 Ideoque
882 2479 1080 2546 fraternitati
1104 2485 1160 2546 tue
1189 2499 1249 2564 per
1271 2479 1469 2564 Apostolioa

341 2586 464 2673 seripta
486 2583 698 2670 mandamus,
725 2588 876 2670 quatinus
902 2588 1174 2674 eompositionem·
1193 2589 1352 2672 eandem,
1380 2585 1470 2653 sieut

316 2733 319 2739 ν
342 2695 413 2762 sine
428 2695 595 2782 pronitate
617 2694 753 2780 prouida
775 2695 867 2765 faeta
882 2703 952 2782 est,
970 2703 1004 2763 et
1023 2698 1066 2764 ab
1082 2705 1221 2782 utraque
1237 2703 1331 2784 porte
1346 2701 1470 2782 sponte

341 2810 475 2890 reoepta
484 2853 493 2888 ,
514 2803 620 2870 laoias
629 2851 639 2888 ,
658 2808 694 2870 ut
708 2804 849 2880 teneris,
871 2823 931 2891 per
945 2821 1119 2872 oensuram
1136 2805 1395 2872 eeclesiastieam
1409 2823 1468 2888 ap·

340 2911 519 2998 pollutione
541 2909 726 2997 postposita
751 2909 883 2977 tirmiter
907 2911 1085 2979 obseruari.
1109 2912 1264 3004 Alioquin
1287 2907 1472 2980 venerabili

341 3017 433 3084 fratri
457 3023 567 3084 nostro
583 3063 592 3082 .
608 3063 642 3084 ..
667 3016 824 3086 Nitriensi
848 3019 1022 3106 Episeopo,
1047 3025 1080 3085 et
1102 3019 1145 3086 de
1161 3019 1263 3103 (lhut,
1286 3024 1320 3085 et
1339 3016 1381 3084 de
1398 3019 1464 3085 Ru·

341 3128 443 3194 boeuu
466 3123 718 3194 Arehidiaoonis
743 3127 977 3210 strigoniensis
1003 3133 1036 3196 et
1059 3127 1252 3196 Geuriensis
1277 3125 1469 3193 Diooeslum

340 3254 401 3321 per
415 3234 543 3302 litteras
559 3241 688 3301 nostras
711 3235 927 3319 iniungimus,
951 3241 985 3302 nt
1007 3243 1042 3305 te
1064 3236 1099 3303 in
1116 3236 1305 3303 exeeutione
1320 3232 1471 3300 mandati

340 3342 443 3410 nostri
460 3348 620 3428 cessante,
645 3343 710 3431 ipsi
733 3344 826 3428 illud,
853 3343 916 3410 heo
939 3344 1011 3410 uioe
1034 3343 1259 3430 appellatione
1272 3335 1471 3429 'postposita

342 3457 551 3535 exequantur.
589 3450 710 3517 Datum
739 3449 864 3537 Spoleti
894 3449 944 3518 Id.
975 3449 1075 3535 Julij,
1113 3449 1327 3519 Pontifiestus
1362 3449 1470 3518 nostri

342 3577 429 3626 enno
443 3563 548 3625 sexto.

519 3749 665 3823 (Ersdetie
676 3768 695 3807 s
706 3749 923 3811 ment-mertoni
935 3748 1088 3826 stapsmtg
1100 3748 1320 3824 lertlltrsbsn.)

787 4031 1034 4044 *η
