3214 5066
833 807 909 875 raa.
1026 761 1028 769 ’

429 1021 433 1029 ·
546 988 626 1056 Iuda
643 985 736 1077 lovap
751 988 969 1077 adprendeieta
991 971 1078 1054 1225
1093 987 1194 1055 lethaii.
1257 983 1258 986 ’

398 1183 400 1191 ’
418 1187 585 1256 Vniuersis
601 1185 721 1256 Christi
736 1186 888 1255 fidelibus
905 1187 1105 1274 innoteseat,
1133 1187 1221 1272 quod
1247 1189 1319 1274 Ego
1343 1188 1435 1256 Iwau
1453 1207 1457 1218 ·

313 1297 407 1366 miles
424 1295 547 1364 domini
561 1295 661 1380 Regis
678 1303 711 1364 et
725 1293 848 1362 domini
864 1295 1110 1382 Archiepiseapi
1126 1297 1315 1365 colosensis
1334 1301 1436 1364 totum

312 1404 460 1490 predium
475 1421 583 1470 meum
599 1403 641 1478 ,iu
666 1423 781 1470 manus
802 1403 922 1468 domini
937 1403 1001 1470 mei
1016 1402 1263 1510 Archiepiseupi
1278 1403 1435 1473 dolocen-

313 1513 360 1580 sis
384 1511 428 1580 ad
452 1508 690 1578 defendendum
715 1510 809 1577 uxori
834 1530 905 1576 ruee
930 1517 962 1578 et
986 1513 1097 1596 pueris
1124 1513 1205 1578 meis
1221 1517 1297 1598 post
1313 1511 1435 1579 obitum
1551 1527 1554 1540 ·

312 1639 419 1688 meum
443 1605 616 1698 ordinari„
633 1619 671 1684 In
695 1617 807 1704 predio
826 1617 910 1702 quod
925 1626 1061 1684 uoeatur
1077 1619 1265 1706 Joryuburg
1280 1617 1435 1688 dimidios

310 1712 470 1796 'rasuras
501 1726 540 1794 ur
565 1725 679 1793 serore
697 1723 847 1791 dimidios
862 1725 1017 1792 redditus.
1049 1727 1086 1792 Iu
1103 1727 1266 1793 uuocman
1283 1727 1435 1804 rimarios

313 1833 469 1904 redditus.
484 1833 638 1902 Preterea
654 1830 718 1899 duo
734 1832 941 1918 molendina;
959 1833 992 1900 iu
1009 1853 1072 1900 uuo
1089 1833 1278 1902 molendino
1294 1841 1435 1918 quatuor

313 1949 382 2008 rote
391 1991 400 2026 ‚
427 1927 560 2024 quarum
575 1959 641 2007 uua
657 1947 730 2006 rota
745 1941 883 2008 eriseum
898 1960 1040 2028 pannum
1056 1942 1156 2028 pilat3
1182 1941 1215 2008 iu
1240 1942 1343 2010 altaro
1370 1944 1433 2011 due

311 2059 383 2119 rote
414 2055 448 2115 et
478 2051 560 2130 due,
591 2067 655 2133 que
688 2048 827 2122 eriseum
856 2066 999 2136 pannum
1024 2049 1147 2146 pitant3
1185 2055 1218 2115 et
1243 2069 1360 2117 nouem
1386 2051 1433 2116 ui-

313 2174 395 2226 ueas
410 2156 444 2224 in
460 2156 642 2240 Luzeman,
668 2175 731 2240 que
752 2156 882 2222 uoluunt
908 2157 1100 2242 eybriopes3
1125 2161 1276 2243 preterea
1298 2163 1366 2223 tres
1390 2155 1435 2224 ui-

314 2283 395 2333 neas
411 2263 444 2328 iu
460 2263 645 2346 Lemnian,
672 2283 754 2347 quas
771 2282 833 2350 ego
849 2265 922 2348 ipse
939 2265 1076 2330 excolui.
1107 2265 1341 2332 Iu'Jorrsbure
1357 2267 1438 2332 duas

248 2403 251 2409 ¹
314 2373 429 2460 uineas
445 2377 477 2436 et
492 2369 554 2436 duo
570 2376 679 2456 prata3
697 2378 850 2456 preterea
864 2391 964 2438 unum
979 2391 1107 2456 seruum
1123 2373 1156 2439 iu
1167 2374 1348 2461 Jorynbrue
1365 2393 1437 2440 eum

314 2477 439 2546 duobus
455 2477 584 2564 pueris,
601 2475 700 2542 filium
718 2483 750 2543 et
765 2476 885 2564 filiam
902 2479 987 2546 filius
1003 2499 1080 2548 uero
1097 2480 1161 2565 Vid
1177 2501 1248 2548 eum
1265 2487 1360 2568 patre
1376 2500 1437 2547 suo

314 2589 410 2656 Petro
425 2583 533 2672 pueris
548 2583 629 2652 meis
645 2586 792 2652 seruiaut
801 2637 809 2670 ,
835 2585 904 2654 filia
924 2594 1033 2654 autem
1049 2588 1154 2656 libera
1171 2587 1383 2676 permaneam
1407 2595 1439 2657 et

314 2700 380 2761 tres
396 2711 519 2777 equos,
544 2711 614 2759 eum
631 2694 747 2777 quibus
763 2713 844 2765 uxor
860 2713 933 2764 mea
949 2701 981 2760 et
996 2699 1089 2784 pueri
1105 2697 1167 2763 mei
1183 2704 1268 2766 terre
1286 2719 1339 2768 me
1355 2718 1437 2766 eom·

316 2799 478 2886 meudeut,
489 2807 521 2867 et
530 2801 729 2896 elemesinas
745 2822 803 2888 pro
820 2803 929 2869 anima
945 2823 1018 2870 mea
1034 2803 1224 2890 largiantur.
1236 2805 1356 2872 Iterum
1372 2805 1436 2872 dir·

316 2909 412 2996 posui
436 2907 478 2975 de
502 2907 615 2994 predio
632 2928 703 2976 meo
720 2909 875 2978 iratribus
891 2910 1015 2976 domiui
1030 2917 1063 2978 et
1077 2910 1162 2978 Baui
1177 2913 1211 2977 iu
1227 2919 1336 2982 moute
1356 2914 1436 2981 Sau-

318 3011 479 3083 eteMarie
494 3015 558 3082 tria
574 3015 696 3084 eilodia
711 3016 854 3102 integra,
867 3037 1003 3101 quorum
1019 3019 1145 3086 scilieet
1161 3026 1211 3086 est
1226 3039 1335 3105 uuum,
1353 3018 1437 3104 quod

210 3119 211 3122 ’
315 3123 463 3212 possidet
478 3122 670 3208 Weigmau,
699 3123 876 3192 seeundum
893 3127 979 3210 quod
993 3128 1284 3214 tenetEberweyu
1300 3133 1333 3194 et
1348 3129 1435 3196 Wer·
1500 3117 1505 3124 ’

316 3237 400 3316 gart,
414 3231 549 3298 tertium
565 3233 652 3314 quod
666 3237 755 3298 tenet
770 3232 934 3318 Hyrsmau
950 3240 984 3300 et
999 3233 1166 3320 Hyrasuer
1173 3285 1183 3324 ,
1209 3247 1242 3302 et
1269 3255 1367 3304 uuam
1392 3237 1436 3304 u·-

317 3358 411 3407 ueam
420 3391 430 3426 ‚
447 3359 544 3424 quarn
560 3359 618 3425 pro
634 3341 803 3427 sepultura
818 3341 897 3408 mihi
912 3339 1002 3428 apud
1019 3341 1109 3429 ipsos
1125 3344 1287 3411 ordinari.
1316 3345 1438 3412 Horum

317 3445 458 3516 omnium
483 3452 585 3514 testes
610 3455 685 3515 sunt
710 3447 830 3517 fratres
855 3451 1034 3536 supradicti
1060 3451 1122 3519 loei
1138 3451 1179 3524 de
1194 3459 1304 3520 monte·
1318 3453 1438 3520 Sancte

239 3589 241 3594 ·
316 3555 438 3638 Maria,
464 3563 497 3622 et
510 3553 663 3624 filiastres
679 3556 744 3622 mei
759 3558 976 3641 dua-seilicet
990 3557 1100 3626 Raver
1115 3567 1148 3627 et
1162 3561 1383 3648 Laurentius3
1407 3567 1439 3628 et

188 3727 195 3746 ,
318 3664 503 3733 consobrini
518 3664 584 3730 mei
599 3665 672 3750 duo,
688 3662 825 3734 Willern
850 3675 883 3734 et
899 3667 1088 3754 Wallbruu3
1109 3675 1142 3742 et
1163 3667 1358 3756 jobagioues
1383 3669 1437 3737 do-

318 3771 397 3840 miui
411 3771 511 3856 Regis
527 3771 671 3855 Seruios,
685 3775 786 3852 Buce,
802 3775 934 3858 Foreos,
951 3784 983 3842 et
1000 3777 1274 3860 CarolusJaoobi,
1292 3787 1324 3847 et
1339 3779 1434 3846 Hert·

319 3881 428 3965 riuus,
444 3881 590 3967 mysos,
614 3883 799 3967 Propositus
814 3885 974 3952 Hercules
990 3885 1032 3952 de
1046 3888 1164 3954 Ferres
1178 3885 1316 3972 Castro,
1341 3887 1437 3954 Nisu-

318 3991 391 4058 laus
407 3997 440 4056 et
453 3989 616 4074 Thomas3
639 3999 790 4078 preterea
807 3993 998 4063 sacerdotes
1014 3995 1087 4063 isti:
1115 3998 1257 4081 Paulus,
1283 3997 1436 4080 tacetur,

319 4096 428 4166 Gosda
437 4148 446 4182 ,
463 4097 566 4182 Deus,
583 4097 764 4178 Heinrieus,
780 4101 1011 4189 astusartus,
1030 4102 1179 4172 Andreas
1195 4111 1228 4170 et
1242 4103 1436 4191 Hayurieus.
1497 4137 1506 4158 ·

321 4205 442 4290 Siquis
457 4212 566 4274 autam
581 4207 770 4293 supradicta
786 4211 978 4293 uiolauerit,
994 4217 1027 4278 et
1042 4213 1274 4295 elemosinam,
1292 4229 1388 4296 quam
1403 4213 1438 4279 iu

320 4318 428 4384 moute
444 4313 563 4381 Sauete
578 4315 682 4383 Marie
698 4317 838 4402 contuli,
864 4339 923 4406 pre
937 4319 1081 4386 remedio
1097 4321 1205 4387 anime
1220 4337 1292 4386 mee
1308 4321 1436 4388 defrau-

321 4417 467 4503 dauerit,
494 4423 622 4487 eumin
647 4423 834 4492 nouissimis
860 4445 969 4494 eoram
988 4425 1059 4494 Deo
1085 4433 1117 4497 et
1142 4428 1291 4496 omuibus
1306 4428 1437 4496 Suuetis

323 4525 391 4592 eius
408 4524 452 4591 ad
464 4526 718 4600 examinandum
734 4531 938 4619 steterimus,
965 4535 1071 4624 ipsum
1087 4535 1175 4604 uelut
1189 4520 1359 4605 inimieum'
1369 4553 1435 4604 rua-

324 4631 443 4704 niteste
457 4635 629 4706 accusate.
