3214 5066
844 316 1000 420 „ugr-
1125 382 1128 388 .

366 509 982 583 (lllllonoriuspipailsgestdibdl'l'lreiner
991 490 1486 582 dgortounlbveterallonumsnts

367 601 511 658 Historica
527 591 706 672 Hungurism
724 599 838 658 Sacram
862 600 1055 668 illustrantia,
1074 599 1095 656 L
1115 601 1176 656 lrbt.
1193 599 1284 656 Rdma
1303 599 1380 656 less.
1402 599 1446 656 ll.
1466 599 1484 654 l.

366 674 613 761 Ossnefdggdsben
632 688 673 752 dll
700 707 770 748 eren
799 691 922 762 okmtny
952 689 986 744 ll.
1016 687 1109 745 Endre
1138 687 1232 758 kirtly
1258 686 1356 744 htiom
1388 705 1487 759 ugyan

365 781 444 836 121⁷.
464 779 511 836 dvi
529 779 756 836 hascntsrtalmd
769 779 988 855 edomduyaivsl
1006 777 1138 851 Eejdrndl
1150 775 1218 832 (iod.
1239 775 1319 848 Dipl.
1340 775 1391 833 111.
1411 776 1439 830 k.
1460 777 1485 830 1.

365 888 389 925 r.
403 869 555 925 see-uls
573 869 604 924 11.
624 869 704 926 Mind
718 888 735 925 a
747 869 823 944 udgy
836 868 978 942 adomtny
988 869 1049 926 volt
1061 865 1248 939 mogerdsitve
1270 865 1320 921 111.
1338 865 1484 922 Honorius

368 959 442 1032 pdpu
462 957 532 1016 llul
553 960 630 1017 1218.
646 961 743 1031 Juuius
762 960 943 1030 uli-atucn,
965 959 1026 1016 ldsd
1046 959 1170 1016 Thciner
1189 957 1226 1013 id.
1245 955 1281 1012 m,
1301 955 1418 1012 14-18.
1440 953 1487 1027 ll.)

801 1221 1017 1234 ι--ι--οι-ο-ιι-

897 1467 954 1534 ἱ2.

366 1648 432 1714 ΙΙΙ.
457 1647 628 1716 limacius·
642 1649 733 1740 γήρα
764 1645 951 1732 uaepbapgp‘a
971 1641 1229 1733 'Mapyarorsch
1245 1642 1478 1732 fb'popjna‘nale,

365 1755 443 1846 bopy
475 1771 512 1820 aa
544 1755 674 1844 opybdzi
694 1753 948 1844 jduedelmclonelo
980 1751 1194 1819 bruacdrdsac't
1232 1775 1253 1816 u
1290 1765 1374 1820 ssent
1400 1753 1483 1840 selo

365 1862 562 1954 scpcdelrrsdro
594 1865 736 1954 pyiljtstlo
771 1865 844 1928 cac
876 1861 1041 1945 beideeudd
1063 1865 1152 1948 ,ponz
1183 1859 1267 1927 boue
1297 1859 1482 1928 caducei

713 1969 998 2058 pondookodjocuk.
1025 1971 1120 2034 1217.
1176 2051 1179 2058 Ι
1443 1963 1447 1970 ’

470 2151 632 2220 Honorius
648 2149 828 2235 Episcopus
844 2155 907 2216 etc.
933 2145 1173 2214 venerabilibus
1199 2149 1352 2217 iratribus
1370 2147 1481 2216 Archi·
1602 2151 1603 2226 j

367 2259 520 2344 episcopo
535 2257 747 2341 strigoniensi
773 2263 805 2323 et
829 2253 1045 2338 suffraganeis
1070 2255 1140 2322 eius
1167 2257 1306 2324 salutem
1332 2263 1393 2324 etc.
1417 2261 1481 2344 Ap·

254 2387 255 2392 ¹
340 2369 528 2458 ‘probante
559 2365 712 2433 Generali
737 2363 883 2431 Concilio
918 2363 1041 2431 exstitit
1066 2363 1265 2450 ordinatum,
1305 2372 1341 2432 ut
1370 2385 1482 2434 omnes
1602 2369 1603 2398 ³

299 2463 305 2492 ‘
366 2467 632 2558 omnino'olerioi
649 2479 716 2540 tam
741 2471 862 2538 subditi
889 2491 987 2556 quam
1003 2471 1137 2556 Prolati,
1162 2473 1347 2554 vicesimam
1376 2475 1480 2542 eccle·

365 2585 571 2652 siasticorum
601 2587 814 2669 proventuum
830 2599 932 2664 usque
957 2578 1001 2646 ad
1025 2579 1196 2646 triennium
1222 2581 1351 2666 integre
1372 2583 1480 2649 confe-

364 2699 439 2760 rcnt
454 2695 486 2760 in
502 2691 681 2760 subsidium
696 2701 781 2760 terre
798 2691 916 2759 Sancte
931 2709 990 2775 per
1005 2709 1119 2756 manus
1136 2709 1255 2769 eorum,
1273 2692 1328 2773 qui
1352 2690 1396 2757 ad
1420 2691 1480 2757 boc

366 2799 484 2869 inerint
498 2800 688 2888 Apostolioa
704 2799 910 2887 providentia
925 2797 1088 2884 deputati:
1106 2797 1299 2881 quibusdum
1309 2797 1481 2866 dumtaxat

366 2909 528 2993 religiosis
545 2908 690 2996 exceptis
706 2909 748 2975 ab
763 2908 827 2974 hac
842 2907 1044 2992 prestatione
1069 2907 1184 2972 merito
1210 2905 1422 2991 exhimcndis,
1448 2917 1481 2975 et

367 3017 443 3102 illis,
461 3017 516 3100 qui
531 3023 700 3103 assumpto
715 3015 769 3083 vel
786 3015 982 3083 assumendo
1009 3016 1112 3082 erucis
1129 3015 1297 3099 signaculo
1314 3015 1390 3084 illue
1406 3024 1480 3083 sunt

366 3125 581 3214 personaliter
594 3111 779 3209 profecturi.
801 3124 891 3192 Saue
907 3142 1005 3207 snper
1019 3123 1114 3190 modo
1138 3121 1349 3208 dispensandi
1365 3124 1480 3209 hujus-

365 3233 452 3301 modi
467 3233 654 3301 vicesimam
670 3231 852 3299 audivimus
870 3231 1009 3298 consilia
1024 3229 1237 3317 diversorum,
1254 3233 1371 3317 quibus
1397 3233 1481 3298 inter

366 3359 402 3407 se
416 3335 587 3430 plurimum
601 3343 813 3429 variantibus,
828 3340 909 3406 illud
925 3339 965 3406 de
982 3339 1117 3408 consilio
1134 3339 1271 3407 fratrum
1293 3347 1480 3408 nostrorum

364 3449 561 3533 providimus
577 3449 775 3540 eligendum,
792 3449 967 3514 secundum
984 3448 1070 3530 quod
1097 3447 1238 3516 vidimus
1262 3449 1369 3534 ipsam
1395 3450 1480 3516 vice·

365 3555 480 3624 simam
497 3549 750 3624 distribuendam
765 3554 888 3640 utilius,
905 3561 1020 3624 ettam
1036 3557 1078 3622 ab
1108 3555 1182 3641 biis,
1216 3557 1271 3641 qui
1300 3556 1478 3641 conferent,

366 3683 460 3748 quam
475 3663 607 3750 abillis,
623 3651 741 3748 quibus
758 3662 878 3733 luerint
894 3662 1074 3748 distributa,
1091 3664 1264 3731 materiam
1280 3663 1479 3750 suspitionis

274 3779 278 3788 '
365 3780 398 3838 et
426 3772 599 3838 murmuris
629 3773 746 3839 mellus
776 3768 1029 3858 amputandum,
1063 3777 1097 3838 ut
1127 3769 1282 3839 videlicet
1313 3771 1477 3856 vicesima

365 3879 518 3964 cuiusque
548 3877 697 3946 Diocesis
727 3881 861 3948 redacte
891 3877 1031 3952 fideliter
1057 3877 1090 3946 in
1114 3880 1292 3966 pecuniam·
1312 3879 1373 3948 sub
1390 3889 1478 3950 certo

365 4007 497 4056 numero
514 3987 824 4073 comprehendendo,
840 3988 875 4054 in
890 3987 1147 4055 authenticorum
1171 3991 1320 4072 virorum,
1347 3997 1380 4057 et
1403 4011 1477 4078 pre·

365 4097 477 4164 sertim
492 4095 628 4181 illorum,
654 4098 708 4180 qui
734 4116 807 4164 eam
831 4097 1028 4182 collegerint,
1054 4098 1325 4184 testimonialibus
1349 4099 1477 4178 litteris,

365 4211 397 4273 et
411 4203 504 4271 nobis
521 4204 620 4272 etiam
636 4203 840 4292 explicando,
862 4207 947 4272 ultra
970 4225 1059 4274 maro
1082 4213 1229 4292 portetur
1255 4227 1314 4294 per
1340 4215 1478 4291 quotuor
1599 4241 1600 4298 p

366 4313 419 4380 vel
434 4313 575 4398 quinque
589 4331 648 4380 seu
663 4313 774 4401 plures
789 4313 876 4381 viros
892 4314 1076 4400 prudentes,
1087 4315 1224 4384 clericos
1240 4323 1273 4383 et
1288 4315 1392 4383 laicos
1408 4335 1477 4383 cru·
1599 4321 1600 4329 ’

367 4422 553 4505 cesiguatos
583 4423 671 4490 illius
688 4425 828 4491 ciuitatis
845 4429 878 4488 et
893 4423 1050 4511 Dioeesis,
1067 4427 1119 4510 qui
1148 4433 1224 4493 note
1247 4423 1333 4510 lidei,
1359 4423 1479 4492 disere

298 4599 304 4614 ,
368 4527 481 4612 olonis,
511 4537 545 4595 et
569 4529 730 4617 opinionis
760 4531 920 4618 existant,
945 4551 1078 4615 quorum
1108 4532 1263 4601 unus‘sit
1295 4531 1479 4621 Episcopus

273 4645 302 4745 ι·
368 4635 443 4719 loci,
460 4635 620 4720 siquidem
637 4641 882 4725 crucesignatus
898 4643 1075 4728 exstiterit;
1098 4643 1233 4729 reliquis
1249 4642 1292 4710 ab
1311 4643 1478 4730 Episcopo
