3198 5058
643 373 803 478 Q

120 589 129 604 “
162 572 211 638 cis
228 576 261 640 et
276 570 406 641 lestinis
420 569 561 656 pulsatis
577 571 748 656 campanis
765 575 799 639 et
815 571 962 639 candelis
979 569 1130 640 accensis
1143 571 1285 640 solenni-

162 685 211 748 ter
224 678 437 768 publicando,
453 681 483 749 si
499 677 540 746 de
555 676 742 748 huiusmodi
758 679 1095 750 manuuminioctione
1105 679 1198 750 nobis
1211 699 1285 749 con·
1327 756 1338 770 ,

162 789 293 877 stiterit,
313 789 419 860 dictos
434 787 616 873 sacrilegos
632 787 759 858 tamdiu
775 787 998 878 appellatione
1014 793 1141 858 remota
1156 809 1284 859 excom-

162 900 345 967 municatos
368 898 500 986 publice
524 897 686 966 nunciatis
711 906 744 967 et
769 898 900 968 faciatis
925 898 969 966 ab
988 897 1137 966 omnibus
1163 901 1286 970 arctius

163 1007 303 1092 crium,
329 1006 434 1082 donec
457 1007 566 1095 passis
586 1008 736 1079 iniuriam
752 1007 973 1077 satisfecerint
988 1013 1230 1096 competenter,
1253 1017 1286 1081 ot

163 1133 235 1186 cum
250 1124 434 1187 uestrarum
450 1117 637 1216 testimonio
653 1117 835 1185 litterarum
851 1117 895 1185 ad
906 1117 1026 1186 Sedem
1041 1119 1285 1210 uenerintdpo-

163 1224 314 1295 etolioam
339 1225 556 1310 absoluendi,
581 1226 735 1294 inuocato
751 1225 794 1294 ad
810 1225 1051 1312 reprimendam
1067 1246 1178 1296 eorum
1194 1228 1285 1295 mali-

165 1334 248 1404 ciam
263 1335 293 1403 si
309 1354 390 1421 opus
406 1335 504 1402 fuerit
519 1334 641 1403 auxilio
657 1334 786 1402 brachii
802 1334 970 1404 secularis.
996 1333 1122 1414 Quodsi
1137 1355 1204 1407 nter
1220 1356 1286 1403 om-

163 1463 222 1512 nes
236 1444 289 1512 his
305 1443 509 1528 exequendis
525 1443 696 1530 potueritis
712 1443 895 1527 interesse,
921 1443 990 1511 duo·
1008 1449 1152 1512 uestrum
1179 1465 1219 1513 ea
1238 1445 1285 1512 ni·

164 1552 354 1620 chilominns
371 1561 583 1638 exequantur.
600 1554 723 1620 Datum
739 1553 877 1620 Perusii.
896 1555 939 1622 X.
956 1552 1024 1618 kal.
1040 1551 1187 1638 Augusti,
1204 1555 1285 1621 Pon-

163 1659 302 1728 tificatus
318 1661 421 1730 nostri
437 1682 524 1730 anno
540 1681 637 1729 nono.

319 1925 461 2000 (Eredetie
479 1943 497 1984 a
515 1925 729 1984 suentmdrtoui
748 1925 902 2000 lbapttssg
920 1925 1143 2000 levdltdrdban.)

691 2521 770 2590 205.

165 2703 222 2768 IX.
238 2703 375 2790 Gerpely
385 2705 476 2789 pdpu
491 2699 614 2786 Joldot,
631 2701 678 2767 ΙΙ.
694 2703 801 2769 Eodre
821 2701 926 2790 kirtly
942 2700 1080 2791 lodoyco,
1098 2725 1138 2768 cz
1153 2705 1289 2790 apostoli

440 2809 510 2876 rask
519 2808 714 2898 pdrdfoqdco
730 2810 785 2876 alc
801 2815 893 2878 ceom‘.
910 2814 1008 2878 1235.

191 3039 194 3048 ’
271 3061 450 3150 Gregorius
474 3061 658 3148 Episcopus
683 3068 745 3130 etc.
770 3060 945 3131 karissime
969 3065 1003 3132 in
1025 3063 1156 3134 Christo
1171 3065 1238 3136 filie
1253 3069 1284 3136 J.

165 3173 302 3260 Regino,
318 3179 396 3240 nate
411 3171 580 3238 karissimi
595 3170 630 3237 in
647 3169 775 3238 Christo
790 3170 850 3238 filii
865 3173 969 3241 nostri
985 3223 993 3240 .
1011 3224 1019 3242 .
1037 3225 1045 3241 .
1061 3177 1204 3244 Illustris
1220 3177 1286 3243 Re-
1403 3213 1406 3218 ·

164 3283 216 3368 gis
230 3279 400 3367 Ungarie,
421 3279 561 3348 salutem
580 3285 641 3347 etc.
668 3279 805 3347 Sincera
820 3279 951 3349 deuotio
966 3280 1105 3350 filiorum
1121 3286 1237 3351 merito
1254 3284 1287 3351 in

163 3409 201 3459 se
216 3389 407 3459 corroboret
421 3388 536 3458 matris
551 3385 722 3475 affectum,
738 3394 771 3456 et
786 3389 885 3476 digne
902 3399 1042 3458 meretur
1051 3442 1060 3476 ,
1078 3399 1113 3459 ut
1129 3391 1286 3485 favorem,

162 3520 261 3584 quem
277 3499 342 3586 ipsi
357 3499 402 3568 ab
416 3497 476 3565 illa
491 3497 678 3584 postulant,
696 3503 945 3582 consequantur.
962 3499 1041 3567 (lum
1057 3501 1187 3586 itaque,
1204 3500 1289 3567 sicut

162 3607 312 3676 exhibite
328 3613 382 3674 tue
399 3607 493 3674 nobis
507 3607 615 3674 littere
631 3605 861 3691 continebant,
879 3608 968 3676 clare
984 3608 1139 3675 memorie
1155 3658 1163 3674 .
1181 3659 1189 3675 .
1206 3657 1214 3675 .
1233 3629 1290 3696 ge-

160 3716 263 3784 nitrix
278 3723 337 3784 tua
352 3711 480 3801 Regina
494 3711 641 3802 Ungarie
656 3713 896 3784 desideraverit
905 3765 915 3801 ,
940 3722 974 3783 ut
990 3717 1109 3785 Sedem
1125 3717 1288 3804 Apostoli-

161 3837 247 3910 cam,
264 3845 365 3909 quam
381 3823 436 3911 pio
452 3822 669 3892 venerabatur
686 3822 820 3910 affectu,
836 3829 971 3892 matrem
988 3845 1119 3914 semper
1135 3834 1168 3894 et
1182 3825 1288 3894 domi·
1334 3810 1337 3819 ’

158 3953 239 4000 nam
255 3939 435 4018 reputares,
451 3933 535 4001 sicut
552 3932 652 3999 etiam
667 3931 727 3999 tibi
743 3934 899 4020 precepit,
910 3935 987 4002 dum
1002 3943 1118 4018 ageret
1134 3938 1167 4004 in
1184 3943 1287 4006 extre-

159 4043 248 4121 mis,
262 4047 362 4126 tuquc
378 4041 569 4110 mundatum
584 4041 771 4108 huiusmodi
787 4049 974 4109 reverenter
999 4045 1202 4130 amplectens
1229 4047 1288 4112 Ec-

160 4150 269 4218 clesie
285 4150 433 4218 Romane
449 4155 606 4232 tanquam
630 4150 744 4216 metris
770 4149 884 4235 cupias
909 4151 1054 4237 presidio
1080 4154 1290 4222 communiri:

160 4277 226 4327 nos
242 4257 307 4325 tuis
323 4256 617 4344 supplicationibus
628 4263 820 4336 annuentes,
830 4278 1007 4345 porsonam
1022 4265 1112 4326 tuam
1123 4261 1184 4328 sub
1194 4261 1297 4328 Beati·

161 4369 257 4438 Petri
272 4373 305 4434 et
319 4371 433 4436 nostra
448 4367 650 4454 protectione
667 4387 707 4435 ac
722 4369 825 4435 tutela
840 4369 1053 4454 suscipimus,
1079 4373 1113 4437 et
1127 4370 1291 4456 presentis

162 4476 281 4564 scripti
295 4475 479 4562 patrocinio
495 4475 739 4544 communimus.
757 4475 847 4543 Nulli
863 4461 941 4560 ergo
959 4481 1020 4544 etc.
1038 4477 1164 4563 Siquis
1182 4484 1292 4546 autem

162 4591 227 4654 etc.
262 4585 382 4650 Datum
409 4585 536 4654 Porusii
560 4587 619 4653 ΠΙ.
644 4585 722 4652 Idus
747 4585 906 4672 Augusti,
932 4582 1156 4672 (Pontificatus
1173 4584 1290 4672 nostri)

163 4711 256 4768 anno
272 4711 371 4761 nono.
