3222 5054
312 544 382 606 ctas
397 537 513 622 villas,
529 543 652 622 terras,
670 537 799 622 predia,
817 537 1011 622 molendina,
1030 543 1061 603 et
1077 535 1220 604 decimas
1237 536 1341 606 eidem
1358 541 1424 606 Mo-

312 645 474 730 nasterio,
491 645 574 712 sicut
589 665 628 710 ea
644 645 726 712 iusto
743 646 891 729 possidet
907 651 939 709 et
955 646 1079 728 quiete,
1099 665 1161 712 nee
1178 666 1242 711 non
1257 645 1340 730 quod
1356 667 1377 711 a
1392 655 1425 711 te

311 753 443 846 prouide
468 775 508 819 ac
533 753 689 820 canonice
713 753 833 819 factum
858 758 908 848 est
932 745 1019 821 circa
1038 753 1182 821 redditus
1200 761 1232 820 et
1247 760 1424 840 prouentus

312 881 423 932 mense
437 861 604 947 predicte,
628 881 669 927 ao
693 861 903 928 luminaribus
930 862 1115 946 assignatos
1131 863 1325 930 auctoritate
1341 861 1424 946 Apo-

313 972 428 1038 stolice
445 968 678 1053 confirmamus,
700 975 732 1034 et
751 969 912 1053 presentis
928 971 1040 1056 scripti
1055 970 1234 1062 patrocinio
1251 971 1424 1036 communi·

315 1098 397 1146 mus.
407 1078 498 1144 Nulli
515 1096 592 1162 ergo
609 1077 738 1144 omnino
755 1067 916 1144 hominum
934 1079 1031 1144 liceat
1047 1079 1130 1144 hanc
1146 1081 1301 1163 paginam
1318 1084 1425 1146 nostre

314 1181 563 1254 confirmationis
578 1183 771 1269 infringere,
787 1185 840 1250 uel
856 1185 886 1250 ei
903 1203 986 1251 ausu
1001 1187 1173 1252 temerario
1189 1187 1359 1252 contraire.
1391 1184 1426 1250 Si

315 1287 393 1377 quis
403 1299 510 1359 autem
526 1291 588 1358 hoo
603 1298 797 1378 attemptare
813 1293 1063 1378 presumpserit,
1080 1293 1335 1378 indignationem
1353 1293 1425 1360 Om-

314 1399 491 1488 nipotentis
506 1397 589 1476 Dei,
615 1404 648 1465 et
662 1399 834 1468 Beatorum
853 1403 939 1468 Petri
955 1407 987 1467 et
1005 1401 1098 1468 Pauli
1113 1403 1341 1486 Apostolorum
1358 1401 1425 1468 eius

315 1529 352 1577 se
376 1505 505 1576 nouerit
527 1508 737 1576 incursurum.
769 1509 888 1578 Datum
908 1510 1056 1596 Anagnia
1081 1510 1168 1578 xvi.
1184 1509 1252 1576 kal.
1270 1505 1426 1595 Octobris,

316 1616 525 1686 Pontificatus
540 1617 643 1684 nostri
658 1637 742 1686 anno
759 1619 870 1705 primo.

475 1771 617 1866 (Eredetie
630 1812 648 1850 a
660 1755 874 1853 ssent-mertoni
888 1791 1038 1868 idapttsdg
1051 1791 1268 1864 levdtttrtban.)

753 2053 1004 2065 ——a———u

842 2351 919 2418 rto.

320 2533 368 2598 ΙΙ.
384 2529 492 2596 Ercdre
508 2527 616 2616 kirtly
637 2529 737 2618 Upi-io
752 2530 895 2596 kulocsci
910 2531 1055 2596 tremeat
1071 2554 1091 2595 a
1101 2529 1323 2620 pannomdcpyi
1336 2541 1431 2595 azont-

317 2639 454 2707 mdrtcrrc‘
462 2641 493 2703 ts
502 2659 523 2701 a
533 2637 869 2703 szrivmozentdemctert
877 2639 994 2723 apdtok
1009 2639 1092 2704 ko'zti
1101 2640 1201 2704 Mirot
1211 2649 1289 2703 meett
1303 2638 1431 2704 halama

481 2737 486 2748 ’
563 2744 734 2808 oomatkozd
745 2741 859 2808 tectores
875 2745 982 2808 andsiti
997 2767 1073 2832 orep.
1091 2745 1187 2808 1228.

426 2921 572 2992 Andreas
588 2920 652 2988 Dei
668 2921 781 3007 gracia
792 2921 971 3006 Hungarie,
983 2919 1159 3009 Dalmatio,
1169 2922 1311 3007 Groatie,
1321 2924 1430 3007 Remo,

321 3030 445 3116 Senrie,
458 3028 590 3114 Gaiitie,
600 3028 858 3112 Lodomerieque
873 3031 943 3096 Rex
958 3029 1188 3117 inperpetuum„
1199 3029 1348 3098 omnibus
1362 3049 1434 3116 pre-

321 3159 396 3208 sens
412 3139 564 3224 scriptum
580 3137 773 3224 inspecturis
790 3137 928 3204 salutem
945 3146 979 3204 et
994 3140 1147 3223 graciam.
1180 3137 1259 3204 (ium
1289 3157 1331 3204 ea
1340 3187 1348 3222 ,
1375 3157 1434 3221 que

321 3243 560 3318 deliberacione
576 3247 732 3315 bonorum
747 3245 893 3330 legitime
909 3245 1123 3332 disponuntur
1138 3252 1341 3332 posteromm
1352 3263 1433 3312 com·

321 3355 506 3425 mendauda
521 3355 640 3422 notieie
657 3362 730 3421 rata
745 3374 873 3442 semper
897 3363 930 3422 et
953 3356 1146 3422 inconcussa
1170 3373 1361 3441 permanere
1382 3353 1434 3420 de·

321 3468 441 3549 beant,
465 3464 508 3531 ad
532 3463 634 3550 Regie
659 3465 845 3532 Maiestatis
870 3463 1102 3531 excellenciam
1118 3463 1273 3550 precipue
1289 3461 1434 3547 pertinet,

323 3580 360 3644 ut
375 3593 438 3658 que
452 3573 576 3656 Regum
600 3573 795 3639 auctoritate
819 3591 877 3640 seu
902 3571 1081 3644 donatione
1095 3572 1128 3638 in
1144 3571 1342 3658 ampliandis
1357 3569 1437 3637 locis

323 3681 439 3751 adDei
454 3680 573 3746 cultum
591 3679 751 3748 dedicatis
766 3683 1015 3764 pertractantur,
1032 3679 1141 3746 standi
1157 3679 1302 3764 uigorem
1318 3678 1351 3745 in
1367 3696 1435 3764 per-

323 3797 456 3878 petuum
473 3789 661 3856 sorciantur.
687 3787 760 3855 Hac
776 3786 934 3872 siquidem
951 3795 984 3855 et
998 3807 1056 3855 nos
1073 3785 1356 3856 animaduersione
1372 3803 1445 3852 mo:

323 3899 385 3967 niti
401 3895 444 3964 ad
458 3895 652 3982 peticionem
668 3893 811 3963 fidelium
826 3903 1026 3980 nostrorum,
1043 3893 1119 3962 Vrie
1136 3895 1274 3962 Abbatis
1299 3898 1331 3960 et
1355 3893 1436 3960 Con·

324 4013 440 4074 uentus
457 4003 570 4072 Sancti
586 4003 716 4072 Martini
732 4004 909 4087 annuimus,
928 4009 963 4070 ut
978 4003 1130 4072 dilectum
1146 4009 1289 4072 nostrum
1305 4003 1437 4084 Geneat-

324 4116 438 4182 larium
463 4112 582 4196 Bulsu,
608 4113 811 4200 Propositum
836 4113 1047 4189 Geuriensem
1063 4114 1107 4184 ad
1122 4111 1262 4200 ipsorum
1280 4117 1438 4179 monaste

325 4221 406 4288 rium
422 4219 656 4305 dirigeremus,
676 4221 729 4304 qui
745 4223 870 4290 litteras
884 4221 1084 4292 venerahilis
1100 4217 1203 4307 patris
1217 4219 1331 4306 Vgriui
1346 4218 1444 4286 Coto-v

326 4329 458 4396 ehensis
474 4327 719 4416 Archiepiscopi
734 4349 832 4418 super
850 4331 977 4418 piscina
996 4327 1126 4398 'Miroht
1149 4327 1272 4395 eisdem
1298 4327 1446 4396 indultas

327 4433 467 4503 fideliter
481 4435 673 4524 inspiceret,
694 4444 727 4504 et
742 4435 783 4503 de
798 4439 897 4506 uerbo
914 4437 958 4506 ad
972 4435 1105 4506 uerbum
1122 4440 1233 4507 nosue
1247 4435 1369 4522 pagine
1384 4453 1444 4501 an-

327 4549 467 4630 notaret,
485 4551 518 4610 et
532 4546 626 4614 nobis
642 4543 781 4614 fideliter
796 4547 1014 4622 renunciaret·
1043 4545 1103 4614 (tui
1118 4541 1221 4615 'iidem
1246 4541 1446 4617 educentes

328 4667 369 4717 ea
383 4667 445 4733 que
463 4649 568 4720 dietus
584 4652 854 4744 Archicpiseopus
869 4652 1063 4738 diffinierat,
1089 4673 1131 4723 ue
1151 4649 1327 4737 sitquaudo
1340 4667 1439 4740 super
