3198 5058
748 821 827 890 21⁰.

223 1003 282 1070 IX.
299 1001 434 1092 Θηροῦς]
442 1006 536 1093 popo
552 1002 599 1068 ΙΙ.
616 1001 725 1068 Eodre
738 1001 848 1090 kirtly
872 1001 1097 1092 coptomteat
1121 1005 1196 1072 titos
1220 1005 1345 1073 mooe

298 1107 302 1114 “
432 1109 537 1176 micttu'
551 1108 703 1176 tcmooco
716 1111 805 1175 trost
820 1111 1008 1178 tuomum.
1027 1111 1126 1178 1235.

326 1306 503 1391 Gregorius
514 1305 697 1392 Episcopus
714 1309 774 1372 eto.
790 1306 973 1375 venerabili
989 1303 1084 1376 tratri
1101 1359 1109 1375 .
1127 1360 1135 1376 .
1153 1359 1162 1376 .
1178 1311 1344 1396 Episcopo

218 1413 383 1483 Weoicnsi
400 1419 434 1482 et
450 1413 572 1484 dilecto
588 1412 654 1480 filio
671 1462 678 1478 .
696 1462 704 1478 .
722 1463 730 1480 .
756 1414 878 1482 Abbati
903 1414 944 1482 de
963 1417 1144 1486 Monoroud
1160 1417 1344 1490 Waeiemis

219 1521 367 1588 Dioocsis
383 1523 522 1588 salutem
539 1525 601 1589 etc.
618 1519 814 1590 carissimus
839 1523 872 1588 in
899 1521 1029 1591 christo
1053 1523 1138 1592 filius
1154 1532 1266 1592 noster
1334 1577 1343 1595 .

112 1651 117 1659 ·
216 1629 356 1698 illustris
372 1629 444 1698 Rex
459 1627 606 1716 ungarie
621 1629 717 1696 nobis
732 1629 899 1697 humiliter
914 1632 1121 1718 supplicavit,
1139 1639 1175 1698 ut
1191 1632 1342 1720 capelle

216 1735 268 1804 nis
282 1739 363 1822 suis,
373 1737 428 1821 qui
444 1743 599 1823 tempore,
617 1756 680 1820 quo
697 1737 872 1804 tenebatur
888 1740 1231 1808 excommunicationis
1247 1747 1280 1807 et
1295 1743 1342 1809 iu·

90 1853 93 1858 “
217 1845 345 1914 terdioti
363 1845 553 1932 sententiis,
580 1867 601 1913 u
627 1848 811 1915 venerabili
826 1847 928 1914 fratre
944 1855 1055 1916 nostro
1072 1898 1080 1915 .
1099 1897 1107 1914 .
1125 1898 1133 1914 .
1150 1849 1342 1917 Prouestino

217 1954 381 2041 Episcopo
397 1959 473 2022 tuno
489 1953 681 2040 Apostolice
697 1954 793 2022 Sedis
809 1953 934 2041 chsto
949 1957 1087 2041 prolatis
1103 1957 1136 2023 in
1146 1958 1271 2043 ipsum,
1290 1975 1342 2046 cc·

217 2063 383 2129 tebrsrunt
398 2062 514 2149 eidem,
525 2063 694 2131 sententiis
711 2063 778 2130 illis
795 2083 868 2130 eum
883 2083 948 2130 non
963 2063 1068 2131 tener-i
1085 2063 1267 2146 credentes,
1284 2065 1341 2132 mi-

214 2169 425 2238 sericorditer
440 2189 576 2256 poscere
592 2171 812 2256 dignoremur.
840 2171 1000 2252 Quocirca
1025 2171 1215 2240 discretioni
1231 2179 1341 2240 vestm

215 2297 277 2364 pen
291 2277 485 2362 Apostoiios
500 2279 624 2364 scriptu
638 2277 842 2362 mundamus,
854 2285 1014 2360 quotenus
1028 2275 1174 2344 iniuncta
1189 2277 1271 2365 ipsis
1286 2297 1341 2366 pc·

213 2385 363 2452 nitentia.
379 2386 596 2472 competenti,
623 2385 736 2468 eisque
761 2383 804 2452 sd
828 2390 955 2470 tempus
981 2383 1114 2470 aliquod
1132 2383 1174 2451 eb
1192 2383 1339 2454 ordinum

215 2511 348 2559 suorum
373 2495 565 2561 executione
591 2491 780 2578 suspensis,
807 2511 918 2559 secum
943 2511 1044 2579 super
1067 2493 1130 2562 hoc
1146 2493 1340 2562 auctoritate

212 2598 407 2686 Apostolios
431 2599 637 2686 dispensetis.
669 2601 789 2666 Datum
814 2595 955 2686 (Perusii
979 2601 1021 2668 11.
1037 2600 1107 2668 kal.
1138 2601 1340 2688 Septembris

215 2706 428 2776 Pontificatus
443 2709 546 2777 nostri
562 2729 648 2776 enno
664 2704 778 2796 nono).
914 2779 920 2790 ,

316 2973 378 3047 (lx.
393 2973 520 3047 Gorgely
532 2973 610 3048 pipo
621 2971 817 3050 nogosttibol,
831 2973 956 3033 Theiuer
968 2975 1006 3032 id.
1019 2992 1055 3030 m.
1068 2973 1090 3030 1.
1101 2974 1129 3030 k.
1145 2973 1204 3030 tue.
1216 2972 1250 3046 l.)
