3222 5054
671 355 832 458 „as-1-

187 553 350 638 Prapositi
367 553 480 619 Sancti
496 551 633 638 Tbome,
649 553 799 635 Magistri
814 553 911 619 Helie
927 553 1088 639 Prepositi
1104 555 1217 624 Sancti
1228 555 1312 624 Lau·

186 659 302 736 rentii,
320 665 353 724 et
369 659 519 742 Magistri
537 661 711 728 Manasses
727 659 961 732 Archidiaooni
976 662 1018 728 de
1035 663 1173 729 Saxwar
1182 713 1191 748 ,
1208 665 1311 732 consi-

186 766 353 833 liariorum
377 765 418 833 de
443 769 610 835 uoluntate
634 771 803 854 utriusque
828 769 932 854 partin
949 771 991 836 ad
1007 771 1177 837 consilium
1194 771 1313 838 electo-

186 895 270 955 rum,
286 874 457 941 statuimus
483 881 516 941 et
541 875 731 943 arbitrando
750 895 808 962 pro
824 876 910 942 bono
926 876 1020 961 pacis
1035 875 1233 962 precipimus
1249 880 1311 947 sub

188 1002 274 1070 pena
287 981 502 1051 ducentarum
517 1003 700 1050 marcarum
711 983 790 1050 boni
799 984 931 1068 argenti
946 984 980 1050 iu
996 985 1230 1070 compromisso
1247 993 1312 1054 sta-

186 1097 274 1176 tuta,
301 1090 389 1174 quod
413 1090 599 1178 Capitulum
618 1091 861 1176 vesprimiense
887 1091 960 1158 sinc
976 1092 1232 1162 contradictione
1247 1093 1313 1160 Ab·

186 1198 273 1266 batis
289 1207 323 1266 et
338 1199 523 1267 Ocnumtus
539 1201 652 1268 Sancti
667 1200 799 1268 Martini
815 1200 954 1285 recipiat
970 1200 1003 1266 in
1018 1191 1211 1287 perpetuum
1226 1200 1313 1270 deci·

187 1326 257 1373 mas
273 1325 390 1372 nouem
407 1307 558 1373 villarum
568 1359 578 1393 ‚
605 1327 741 1392 quarum
756 1307 889 1374 nomina
904 1316 978 1374 sunt
995 1306 1077 1375 hec:
1106 1309 1186 1376 villa
1212 1309 1313 1394 Orda,

188 1415 267 1482 villa
283 1413 403 1500 Thoar,
419 1413 502 1482 villa
516 1415 624 1500 Burin,
642 1413 838 1500 villaAlchi‚
856 1415 1079 1500 villaWosod,
1096 1416 1312 1502 adlabimur,

188 1523 291 1590 maior
307 1523 390 1590 villa
403 1523 521 1600 Beris,
538 1523 619 1589 villa
635 1522 751 1605 Maon,
767 1529 800 1588 ot
819 1523 898 1589 villa
914 1521 1022 1610 Sagu5
1039 1531 1072 1590 et
1087 1525 1160 1591 istis
1176 1522 1256 1591 solis
1272 1525 1314 1591 sit

189 1637 383 1699 contentum.
414 1633 649 1698 Monasterium
673 1651 752 1698 vero
776 1631 890 1698 Sancti
916 1631 1047 1698 Martini
1063 1633 1134 1698 sine
1150 1630 1314 1699 contradi·

188 1741 295 1806 ctione
311 1739 455 1826 Capituli
470 1739 723 1824 vesprimiensis
747 1738 886 1823 recipiat
901 1738 934 1803 in
950 1745 1141 1825 perpetuum
1166 1737 1313 1806 decimas

188 1847 229 1915 dc
244 1847 367 1935 Appati
382 1853 416 1912 ct
432 1847 572 1912 omnium
587 1847 726 1914 aliarum
751 1846 920 1930 villarum,
947 1846 1003 1929 qui
1029 1843 1117 1932 (igy)
1142 1846 1175 1910 iu
1200 1845 1313 1912 libello

190 1956 412 2042 suprascripto
436 1953 567 2041 plenius
592 1955 810 2020 declarantur.
828 1955 870 2020 Et
886 1953 947 2020 heo
964 1951 1073 2019 omnia
1089 1953 1329 2038 suprascripta

188 2065 360 2130 statuimus
376 2071 408 2130 et
423 2060 636 2148 precipiendo
650 2061 842 2128 manda-mus
860 2063 903 2129 ab
920 2069 1059 2144 utraque
1075 2067 1168 2147 parte
1181 2061 1314 2129 firmiter

189 2171 359 2238 obseruari
374 2173 433 2238 sub
450 2191 537 2257 pena
552 2170 720 2256 predicta,
737 2191 803 2254 qua
820 2171 929 2237 solnta
944 2168 1005 2234 boc
1021 2170 1187 2236 arbitrium
1203 2170 1236 2234 in
1253 2187 1315 2236 sua

188 2299 317 2364 semper
333 2287 466 2346 maneat
479 2277 642 2346 firmitate.
673 2277 917 2344 Pronuntiatum
933 2277 995 2346 fuit
1009 2279 1071 2343 hoc
1086 2277 1254 2344 arbitrium
1270 2277 1313 2343 ab

188 2389 260 2472 ipso
276 2389 434 2474 Magistro
449 2387 569 2472 Egidio
585 2387 808 2472 suprascripto
834 2386 922 2472 apud
938 2387 1109 2472 Hospitale
1125 2385 1238 2455 Sancti
1253 2385 1313 2453 Re·

189 2497 239 2583 gis
255 2496 289 2561 in
305 2495 487 2580 Strigoni03
513 2496 548 2561 in
565 2495 703 2582 Capella
718 2493 831 2562 Sancti
848 2495 966 2562 Alexii.
998 2496 1208 2563 Presontibus
1225 2496 1314 2562 Lau⁴

189 2603 293 2670 rentio
308 2603 468 2688 Magistro
484 2601 623 2689 predicti
639 2601 834 2687 Hospitalis,
850 2601 1016 2670 Euerardo
1033 2601 1214 2668 cellarario
1230 2603 1314 2668 Peli-

189 2711 300 2797 siensi‚
318 2709 464 2778 Gorardo
480 2710 592 2776 Priore
609 2709 730 2776 Sancte
746 2711 849 2776 Mario
866 2710 908 2775 de
924 2709 1067 2796 Campis,
1081 2717 1114 2775 et
1125 2708 1226 2776 fratrc
1236 2709 1314 2776 Ber·

188 2817 302 2901 nardo,
319 2819 482 2903 magistro
492 2818 652 2901 Johcnue,
669 2817 824 2902 magistro
834 2819 932 2885 Petro
942 2815 1089 2904 Ungaro,
1106 2823 1140 2883 et
1155 2816 1314 2902 magistro

189 2927 419 2994 Bartholomeo
436 2925 565 2992 clericis
579 2926 684 3012 ipsius
700 2927 851 3012 Magistri
866 2925 976 3010 Egidii
984 2977 994 3014 ,
1020 2931 1054 2992 et
1077 2926 1213 2992 Alberto
1229 2925 1313 2993 eius·

92 3077 97 3084 -
190 3035 261 3102 dem
287 3035 436 3120 dapifero
463 3039 495 3100 et
511 3083 518 3099 .
536 3083 544 3098 .
562 3084 569 3100 .
585 3035 745 3101 monacho
771 3035 814 3102 de
838 3036 915 3104 Olus
925 3087 934 3120 ,
962 3041 996 3103 et
1013 3035 1172 3118 magistro
1187 3033 1313 3102 Jacobo

189 3143 356 3231 physoico
374 3144 539 3211 Canonico
550 3143 662 3210 Sancti
672 3143 797 3210 Thome
814 3143 1053 3227 Strigonicusis.
1070 3144 1165 3209 Anno
1181 3140 1314 3208 Domini

188 3252 363 3320 millesimo
379 3251 550 3320 CCXXX.
568 3252 621 3320 die
637 3253 723 3319 VIII.
740 3252 827 3320 Julio
843 3257 991 3318 exeunte.
1008 3249 1189 3317 Indictione
1204 3249 1313 3318 tertia.

188 3359 400 3427 Pontificatus
416 3357 538 3426 domini
554 3359 704 3445 Gregorii
720 3362 810 3446 Pape
826 3359 903 3424 noni
920 3377 1005 3424 anno
1022 3362 1147 3438 quarto.

297 3470 340 3534 Et
356 3488 417 3554 ego
435 3467 595 3556 orossius,
611 3469 802 3554 Apostolicc
818 3467 915 3536 Sedis
931 3465 1149 3546 Scriniarins,
1166 3465 1208 3532 da
1224 3484 1313 3532 man-

189 3579 268 3644 dato
284 3577 464 3661 supradicti
480 3578 631 3663 Magistri
648 3576 757 3660 Egidii
767 3627 776 3662 ,
801 3575 923 3645 domini
947 3569 1038 3660 Papo
1062 3572 1261 3640 Subdiaconi
1281 3582 1315 3642 ot

189 3684 362 3770 Capeliani
372 3733 382 3769 ‚
408 3691 442 3750 et
467 3683 509 3752 de
535 3703 695 3752 consensu
712 3693 744 3752 et
759 3688 927 3753 voluntate
951 3682 1118 3766 utriusque
1134 3679 1238 3767 partis
1253 3681 1314 3747 hec

189 3794 299 3860 omnia
315 3791 504 3880 supradicta
521 3794 638 3880 scripsi
654 3801 687 3860 ct
703 3794 735 3860 in
751 3793 917 3880 publicam
934 3793 1073 3859 formam
1086 3788 1207 3874 redegi.
1217 3791 1260 3855 llt
1270 3787 1314 3854 ad

188 3902 344 3970 maiorem
361 3902 524 3970 cautelam
540 3907 573 3971 et
588 3908 780 3988 perpetuam
796 3901 983 3969 firmitatem
1009 3896 1196 3986 sepedictus
1211 3895 1313 3981 Magi-

189 4017 258 4078 ster
271 4009 409 4097 llgidius
424 4010 487 4077 hoc
503 4011 676 4078 arbitrium
692 4009 793 4095 sigilli
808 4011 859 4076 sui
874 4009 954 4076 lecit
970 4005 1147 4076 munimine
1156 4003 1312 4072 roborari.

314 4186 459 4262 (Eredetia
478 4203 496 4241 a
513 4186 728 4244 suant-mdrtoni
745 4181 897 4257 idapttsdg
914 4178 1132 4252 lcvdltdrtiban.)

621 4449 869 4464 ...a—nn——rq
