3214 5066
144 1047 260 1113 tritico
286 1048 387 1114 reddor
411 1050 511 1116 italos
536 1071 558 1113 α
577 1045 803 1133 poooootatmi
826 1057 906 1114 saort
920 1047 1056 1112 radrtorti
1080 1048 1156 1130 opdt
1185 1047 1216 1110 co
1240 998 1281 1108 o,
1447 1099 1449 1106 ,

142 1159 386 1244 romcpymepyei
409 1157 641 1246 odrp'obbdpyok
666 1157 736 1221 ledat
757 1156 865 1222 Wr'cba
879 1153 1056 1242 bolyodpbeo
1064 1151 1166 1240 fekob'
1180 1153 1260 1218 bizo-
1312 1173 1322 1237 ᾗ
1361 1175 1378 1219 .·

456 1264 716 1353 nyoajitddelcrdl.
736 1265 829 1334 1220,
838 1261 937 1329 torret.
1205 1263 1210 1274 '
1374 1266 1378 1277 “

249 1445 405 1512 Nicoiens
423 1445 590 1512 Palatinus
606 1451 640 1512 et
655 1444 769 1526 Comes
780 1443 1011 1531 Snprunienais
1020 1441 1180 1538 uniuersis
1189 1461 1261 1529 pre·
1283 1481 1326 1504 κ,

144 1555 270 1620 sentem
293 1553 449 1639 paginam
473 1554 667 1639 inspecturis
684 1553 824 1620 salutem
845 1553 882 1632 in¹
894 1551 1031 1619 Domino
1047 1558 1080 1618 et
1096 1569 1190 1616 omne
1205 1550 1261 1616 bo·

144 1679 230 1728 nam.
247 1659 476 1730 Vniuersorum
493 1663 612 1732 noticie
627 1662 774 1730 nolnmos
791 1662 989 1745 clarescere,
1006 1661 1093 1745 quod
1109 1659 1261 1726 constitu·

143 1773 194 1834 tus
220 1767 347 1851 Abbas
362 1770 474 1838 Sancti
498 1771 630 1838 Martini
653 1773 686 1837 in
712 1778 823 1838 nostra
838 1770 1009 1856 presencia
1025 1788 1097 1834 cum
1114 1767 1261 1832 omnibus

145 1893 225 1971 quos
241 1877 402 1946 uitauerat
417 1879 459 1945 de
474 1879 554 1946 uilla
564 1879 679 1946 Wicbc
693 1899 752 1965 pro
768 1861 989 1946 combustione
1006 1876 1133 1962 capelle
1149 1873 1262 1942 Sancti

143 1985 262 2052 Jacobi
277 1992 311 2052 et
325 1988 401 2055 aliis
425 1987 573 2074 dampnis
599 1989 661 2054 sibi
686 1988 808 2070 illatis,
830 1987 998 2074 proposuit
1022 2004 1130 2052 coram
1156 1981 1260 2064 nobis,

145 2091 231 2178 qnod
247 2093 380 2162 emisset
395 2103 515 2165 terram
531 2117 553 2164 a
568 2097 797 2184 iobagionibns
813 2097 920 2165 castri·
930 2093 1156 2178 simigiensis,
1181 2109 1260 2172 quo·

11 2241 12 2282 3
144 2223 213 2268 rnm
230 2203 391 2286 quosdam
406 2205 471 2272 iam
487 2206 559 2272 Rex
584 2213 754 2292 receperat
777 2206 810 2272 in
835 2206 964 2273 domum
990 2220 1101 2284 stram,
1126 2192 1260 2282 quidam

143 2309 251 2378 adbuc
266 2308 496 2379 detinebantur
512 2313 555 2379 ad
571 2313 712 2380 officium
728 2297 847 2388 castri,
874 2331 1006 2396 quorum
1032 2307 1164 2376 nomina
1182 2304 1261 2370 mix·

143 2417 198 2482 tim
213 2418 276 2483 bec
289 2424 382 2484 sunt:
409 2419 518 2500 biibal,
535 2421 683 2506 Betbme,
698 2419 820 2507 Oheke,
837 2417 982 2505 Mothey,
998 2415 1122 2502 Robur,
1138 2415 1260 2496 Almus,

143 2525 323 2610 Demetros,
351 2525 466 2613 Leger,
492 2527 617 2615 Medus,
634 2531 740 2613 Peter,
758 2527 961 2609 Benedictus,
977 2527 1086 2610 Wrou‚
1103 2521 1260 2608 Omodoy,

143 2634 250 2700 Petur.
269 2632 416 2712 Quicum
434 2637 621 2722 interrogati
639 2637 785 2721 fuissent,
802 2641 1004 2721 negauerunt
1019 2617 1055 2700 se
1072 2630 1260 2698 uendidisse

142 2747 262 2806 terram
278 2741 409 2809 Abbati.
428 2743 633 2832 Quapropter
650 2747 772 2813 Abbati
786 2745 1016 2833 probacionem
1033 2741 1142 2808 iacere
1159 2739 1261 2805 iniun-

143 2851 260 2917 ximus.
288 2850 368 2917 Post
391 2851 509 2920 deinde
535 2855 647 2920 Abbas
671 2855 806 2921 ueniens
830 2873 901 2920 cum
917 2854 984 2920 auis
1000 2851 1137 2916 testibus
1152 2847 1261 2914 multis

144 2959 304 3026 nobilibus
320 2959 352 3024 in
367 2959 452 3027 sesto
465 2963 579 3030 Sancti
593 2962 770 3048 Demetrii,
787 2981 858 3030 cum
874 2981 1021 3030 essemus
1038 2957 1172 3026 Geurini
1188 2977 1261 3024 oum

144 3065 253 3151 Rege,
281 3067 442 3151 probabat
457 3071 542 3146 sicut
554 3071 669 3173 debuit
684 3070 751 3138 iere
769 3091 841 3138 cum
856 3071 942 3137 omni
957 3065 1143 3151 Simigiensi
1159 3063 1261 3131 comi-

143 3179 223 3240 tatu.
254 3176 298 3240 At
323 3177 371 3242 ilii
395 3179 611 3264 prenominati
636 3181 826 3265 iobagioncs
852 3179 914 3264 ipsi
934 3175 1104 3243 Zadusarii
1120 3172 1261 3240 confessi

144 3289 220 3352 sunt
235 3289 389 3367 tanquam
406 3286 553 3368 confusi,
570 3295 696 3374 partem
711 3289 798 3370 itlius
814 3297 900 3355 terre
915 3282 1120 3368 uendidisse;
1137 3279 1265 3348 scilicet

144 3397 269 3480 partem
284 3396 495 3462 communiter
509 3417 581 3464 cum
596 3391 677 3464 uilla
692 3397 818 3464 Wicha.
845 3395 937 3462 Vnde
952 3411 1012 3458 nos
1027 3395 1261 3475 cognoscentes

143 3501 308 3568 iusticiam
324 3503 463 3572 Abbatia
479 3505 591 3574 Sancti
606 3503 782 3593 M(artini),
800 3511 833 3570 et
848 3502 1102 3574 confessionem,
1125 3504 1158 3562 et
1172 3495 1262 3562 falsi-

143 3613 244 3676 tatem
260 3611 406 3696 illorum,
423 3618 534 3680 tamen
550 3615 655 3682 adhuc
672 3611 958 3680 contrafacientes
974 3609 1041 3676 illis
1058 3603 1260 3674 adiudicaui·

143 3735 214 3782 mns
232 3718 358 3784 Curiati
374 3720 491 3789 domiti
501 3723 639 3790 Abbatis
655 3741 727 3790 cum
742 3721 865 3790 duobus
881 3719 1029 3803 testibus,
1045 3733 1126 3799 quos
1142 3713 1190 3780 illi
1205 3711 1261 3778 ad-

143 3827 282 3893 uersarii
296 3827 470 3913 eligerent,
495 3839 734 3900 sacramentum
758 3848 877 3916 parare
887 3881 895 3914 ,
917 3819 955 3895 'et
970 3830 1174 3894 sacramento
1190 3839 1261 3908 pre·

143 3936 219 4002 stito
244 3934 336 4019 ipsos
361 3939 669 4026 condempnarernus
701 3937 875 4007 secundum
906 3935 1148 4003 estimacionem
1172 3929 1261 3996 illius

143 4051 228 4112 torre
244 4044 459 4113 adtalionem
475 4047 672 4115 reddendam
689 4055 721 4115 et
736 4049 780 4116 ad
795 4047 954 4132 dampna,
980 4062 1042 4125 que
1066 4043 1099 4107 in
1116 4038 1259 4124 edificiis,

13 4183 14 4192 ,
145 4159 258 4239 etque
273 4155 307 4222 in
323 4155 473 4240 operibus
499 4165 532 4222 et
555 4159 589 4224 in
616 4157 689 4242 ipsa
714 4163 804 4224 terra
819 4156 907 4222 facta
924 4159 1025 4218 erant.
1058 4151 1137 4218 Cum
1153 4157 1260 4250 autem

144 4269 198 4336 die
214 4263 388 4333 constituto
405 4284 476 4333 cum
492 4266 605 4332 electis
620 4266 663 4332 ab
679 4267 758 4350 ipsis
775 4263 925 4350 testibus,
941 4261 1186 4330 videlicetYser
1201 4259 1259 4328 Go-

145 4377 230 4460 mite,
248 4375 369 4442 Warcn
384 4374 571 4440 centurione
587 4371 628 4442 de
639 4373 770 4460 Harpas
779 4375 813 4441 in
823 4372 1011 4455 Simigiensi
1026 4375 1133 4436 castro
1150 4375 1261 4436 essent

146 4484 188 4550 cd
203 4486 429 4572 complendum
445 4484 640 4552 sacramenti
655 4483 799 4551 debitum
815 4483 940 4568 parati,
966 4489 999 4547 et
1024 4477 1189 4566 prestaldo
1205 4499 1258 4546 eo·

146 4613 214 4660 rum
229 4594 355 4662 Budin'o
372 4593 534 4660 mediante
549 4591 675 4658 diucius
691 4593 759 4658 illic
774 4592 889 4658 morati
906 4591 1053 4672 fuissent3
1072 4587 1201 4672 qnidam
1219 4607 1259 4655 ex
1310 4582 1314 4598 ’

148 4701 225 4787 ipsis
251 4700 465 4786 adversariis,
494 4702 617 4768 scilicet
641 4701 746 4786 Leger
762 4707 796 4766 et
813 4702 850 4767 ir.
868 4699 982 4765 Bodon
1002 4703 1257 4782 comparuerunt,
