3214 5066
620 342 774 452 λεὶ-’ζ’

15 557 16 566 “
142 538 245 606 nestis
269 543 302 604 et
327 536 511 606 salubribus
527 538 741 625 peticionibus
758 539 915 625 sepedicti
929 542 1011 608 Vros
1025 541 1161 611 Abbatis
1178 563 1251 612 con-

142 646 276 732 dignum
295 643 444 712 fauorem
461 644 671 728 adhibentes,
696 648 808 715 datam
824 669 845 714 a
860 649 952 736 nobis
968 652 1252 719 commutacionem
1317 659 1320 669 '

142 753 346 838 benignitate
361 752 465 836 Regia
481 753 749 822 confirmauimus.
768 756 965 840 Oontnlimus
981 757 1078 840 igitur
1093 757 1251 844 prenomi-

140 869 217 931 nato
232 860 381 927 Ecclesia
396 861 509 927 Sancti
524 862 655 928 Martini
671 869 791 930 terram
807 863 969 947 quandam
985 864 1112 933 nomine
1128 866 1252 934 Guneus

140 971 185 1036 ad
198 969 264 1035 tria
280 975 390 1035 aratra
406 975 576 1054 exceptam
591 968 632 1036 de
648 977 755 1037 castro
772 971 1083 1056 Zulurga·Geuriensi
1107 993 1177 1040 oum
1193 991 1252 1040 sex
1329 983 1337 1000 ‘

141 1075 363 1146 mansionibus
379 1076 598 1162 castrensium,
615 1096 748 1160 quorum
771 1077 904 1144 nomina
927 1085 1002 1152 sunt
1024 1077 1103 1144 heo:
1129 1078 1252 1166 Wtous,

15 1263 17 1268 ,
143 1185 293 1272 Guogus,
311 1184 423 1270 Tube,
438 1183 568 1270 Ybrab,
592 1184 726 1252 Hellevs
751 1190 783 1250 et
807 1184 920 1251 Tocut.
965 1185 1047 1252 Item
1062 1187 1252 1254 contulimus

146 1292 356 1380 septuaginta
382 1291 496 1377 iugera
526 1300 691 1373 terrarum,
719 1292 804 1379 quod
827 1295 925 1379 uulgo
948 1293 1039 1360 teluk
1063 1294 1195 1381 dieitur,
1221 1300 1254 1361 et

143 1401 223 1468 duas
239 1402 365 1471 insulas
380 1400 461 1466 sitas
477 1401 511 1466 in
525 1399 697 1483 Danubio,
713 1406 746 1466 et
757 1395 958 1486 piscaturam
974 1401 1007 1466 in
1018 1401 1177 1488 Danubio,
1190 1421 1252 1486 que
1333 1421 1342 1438 ·
1436 1385 1440 1392 ¹

144 1509 248 1576 dictos
265 1505 689 1591 castrensescontingebat3
706 1507 812 1574 etheo
829 1509 939 1575 omnia
953 1527 1012 1591 per
1027 1507 1188 1594 dilectum,
1213 1529 1253 1576 ac

141 1617 270 1686 fidelem
285 1623 428 1684 nostrum
438 1615 629 1700 Gregorinm
644 1615 844 1701 magistrum,
861 1622 927 1680 tum
942 1615 1096 1699 temporis
1106 1617 1263 1692 Electum

144 1723 355 1818 Genriensem
371 1728 602 1810 prememorata
617 1722 766 1788 Ecclesia
775 1721 893 1820 'Sancti
909 1721 1038 1788 Martini
1053 1711 1187 1790 iacimus
1202 1743 1252 1790 as·

142 1831 278 1917 signari.
294 1832 339 1900 Ut
353 1839 462 1898 autem
477 1830 538 1898 boe
555 1830 777 1898 concambium
793 1830 913 1898 iactum
939 1837 972 1896 et
998 1830 1216 1899 confirmatum
1232 1853 1253 1899 a

143 1941 236 2012 nobis
254 1960 316 2008 nec
331 1941 460 2024 nostris,
470 1947 538 2006 'nec
553 1946 733 2008 nostrornm
750 1957 972 2006 suceessorum
987 1941 1185 2024 temporibus
1201 1959 1251 2006 re-

141 2049 277 2116 bactani
293 2049 615 2134 valeat,prasentcm
632 2049 849 2126 concessimus
865 2049 1019 2134 paginam
1035 2048 1135 2133 sigilli
1149 2051 1251 2141 nostri

15 2143 16 2154 ³
141 2155 316 2226 munimine
339 2158 373 2224 in
396 2163 585 2242 perpetuum
600 2158 794 2224 roboratam.
824 2156 943 2224 Datum
967 2175 1153 2242 parmenus
1169 2157 1253 2224 Oleti

15 2339 16 2368 ¹
142 2267 226 2334 Aule
242 2269 352 2332 nostre
368 2264 562 2350 Cancellarij
580 2275 612 2332 et
630 2265 797 2349 Agriensis
813 2264 970 2351 Prepesiti
986 2285 1070 2331 anno
1086 2263 1253 2332 Dominioe

141 2373 383 2442 Incarnaoionis
398 2372 604 2441 MOOXXIV.
629 2374 842 2459 strigoniensi
868 2371 946 2440 sede
968 2369 1125 2457 secante,
1151 2373 1252 2440 Reue-

141 2481 241 2552 rendo
259 2481 378 2566 Vgrino
403 2481 572 2570 Colocensi
597 2481 851 2568 archiepiscopo
877 2483 1034 2548 existente
1046 2531 1055 2567 ‚
1078 2481 1252 2564 ¹Desiderio

142 2589 383 2673 Ghanadieusi,
397 2588 539 2656 Robcrto
555 2589 800 2678 Wesprimiensi
809 2640 818 2676 ,
829 2583 835 2594 “
846 2589 972 2657 Thomu
987 2589 1155 2674 Agriensi,
1181 2590 1252 2656 Ste-

141 2699 251 2785 pbano
267 2696 480 2781 Zagrabiensi
489 2747 499 2783 ,
516 2698 641 2766 Bricoio
657 2699 839 2780 Waciensi,
866 2705 899 2764 et
915 2698 990 2764 aliis
1007 2695 1177 2782 Episcopis
1193 2699 1252 2764 Ec-

142 2807 264 2876 clesias
288 2806 350 2871 Dei
375 2806 651 2891 gubernantibus3
683 2805 756 2872 lala
779 2807 930 2874 Palatino
946 2812 978 2870 et
994 2803 1117 2872 (tomitc
1132 2804 1252 2872 Budru·
1348 2870 1353 2878 ,

141 2913 268 2999 giensi,
293 2914 465 2980 Salomone
490 2915 581 2980 Bano
593 2965 601 2998 ,
627 2913 763 2982 Nicolao
779 2913 901 2982 Curiati
917 2915 1040 2980 Comite
1053 2913 1196 2998 Regina,
1221 2919 1254 2979 et

145 3023 269 3090 Gemite
287 3023 509 3107 Suprunuensi
520 3045 528 3107 ;
539 3022 639 3103 Boten
655 3025 729 3090 aule
744 3032 853 3091 nostre
869 3022 991 3091 curiali
1007 3022 1129 3090 Gemite
1146 3028 1178 3088 et
1194 3019 1251 3088 Oc

142 3132 218 3198 mite
233 3130 440 3210 Bekesicnsi,
451 3131 561 3198 Buzad
572 3132 773 3215 Posoniensi,
789 3131 925 3200 Nicolao
941 3129 1163 3214 iratreVgrini
1173 3127 1252 3196 Obe-

142 3239 291 3307 nadiensi
300 3287 310 3322 ,
326 3243 358 3303 et
373 3236 450 3322 alijs
467 3239 644 3308 comitibus
661 3239 837 3308 Comitatus
852 3238 1053 3320 tenentibus;
1077 3237 1179 3320 Regni
1195 3254 1251 3302 au·

144 3355 208 3416 tem
223 3335 327 3414 nostri
343 3367 428 3414 anno
444 3347 611 3432 vigesimo.

144 3515 288 3596 (Eredetie
307 3541 325 3580 a
342 3520 554 3581 saentmtrtoni
571 3517 722 3594 ib'apitsag
741 3483 949 3578 levelttrtbam
968 3520 1003 3576 V.
1018 3523 1049 3576 6.,
1061 3513 1165 3590 Fejert,
1185 3514 1252 3574 Cod.

471 3612 548 3686 Dipl.
561 3611 623 3670 Vll.
637 3613 665 3668 k.
678 3608 704 3664 4.
717 3609 794 3667 1314.
806 3609 826 3666 l.
840 3608 940 3682 cacat.)
1072 3641 1074 3647 ι

569 3873 810 3886 μ-
