3214 5066
817 379 960 487 ffi-

336 595 414 642 eone
430 574 639 662 Byohoriensi
655 581 687 642 et
703 575 822 644 curiali
845 575 967 642 domito
983 571 1115 658 Regino,
1142 573 1296 641 Mareello
1308 576 1445 662 ssiyeni-

336 684 439 750 ensie
470 681 591 750 Curiati
607 684 740 768 comite,
756 684 893 751 Nioolao
910 681 1102 750 Posoniensi
1119 639 1586 750 (1011111111εῇ-

358 807 405 874 us,
423 791 528 873 Regni
544 791 645 856 nostri
660 809 745 857 anno
761 789 908 877 septimo.
936 791 978 857 Vt
992 788 1053 855 hee
1069 807 1090 854 a
1115 789 1209 855 nobis
1234 789 1322 856 laeta
1337 789 1454 856 oonfir-

336 898 442 964 maoio
460 897 556 964 salua
581 917 709 983 semper
725 905 758 964 et
778 898 982 982 jnoonoussa
1009 882 1202 984 permaneat
1225 897 1326 982 sigilli
1350 899 1457 966 nostri

335 1005 517 1072 municione
533 1006 718 1072 roboratam
734 1006 767 1072 in
783 1013 982 1094 perpetuum,
1012 1011 1117 1072 ratam
1145 1025 1184 1071 ae
1208 1003 1333 1072 firmam
1348 1005 1381 1070 in
1397 1023 1451 1070 ou·

298 1203 300 1212 ,
339 1111 446 1180 stodia
461 1111 609 1182 Eoolesie
625 1115 719 1180 Beati
735 1115 857 1198 Anjanj
875 1115 944 1181 fore
966 1114 1199 1180 constituimus.

440 1257 548 1325 Jspyuot.
577 1253 665 1322 Euan,
677 1272 678 1276 ¹
692 1245 802 1312 smarnos
820 1255 914 1312 abban
933 1256 1089 1312 elb'forduld
1123 1252 1262 1327 suemdly-
1281 1253 1313 1309 ds
1332 1253 1448 1325 helyme-

334 1341 439 1401 vekudl
456 1343 545 1415 fogva
562 1343 628 1415 igen
646 1341 764 1401 erdekes
782 1343 927 1417 okmdnyt,
946 1345 1045 1401 kiadta
1064 1361 1166 1416 ugyan
1184 1343 1244 1400 mtr
1256 1341 1343 1416 Pejor
1364 1341 1449 1414 (Ood.

333 1432 412 1505 Dipl,
429 1432 493 1489 Vll.
512 1432 540 1488 lr.
556 1431 585 1486 5.
604 1449 627 1488 r.
647 1433 707 1486 177.
727 1433 776 1506 l.):
795 1419 832 1488 de
852 1451 886 1488 aa
905 1450 938 1489 os
957 1431 1026 1488 dltal
1044 1430 1183 1489 basnntlt
1201 1431 1323 1488 mdsolat
1340 1431 1412 1504 dpen
1430 1449 1449 1488 e

335 1523 513 1580 tekintetben
531 1527 650 1580 tetenms
668 1521 804 1581 hibdkkal
823 1525 900 1580 telvo
919 1523 1011 1595 leuen,
1032 1529 1082 1580 ant
1103 1541 1137 1579 an
1157 1523 1313 1582 eredetrbdl
1333 1523 1448 1594 jevltvs
1572 1596 1575 1602 Δ

337 1612 401 1686 djra
427 1613 516 1670 kbaae
542 1614 622 1669 tenni
640 1611 760 1671 ldtaaott
786 1614 1006 1688 sndksegesuelr.
1042 1614 1086 1670 Au
1104 1613 1209 1678 eradeti
1230 1613 1260 1671 es
1278 1613 1373 1668 unusk
1391 1631 1449 1686 ες]

338 1704 448 1760 rasa-ki
465 1703 566 1760 nldori
577 1703 688 1766 ,adram
700 1705 729 1777 (l.
745 1704 831 1777 Fejdr
844 1705 912 1761 Cod.
925 1704 1003 1778 Dipl.
1016 1705 1054 1761 X.
1065 1706 1093 1759 k.
1106 1705 1132 1759 2.
1146 1725 1167 1761 r.
1181 1705 1242 1760 707.
1256 1701 1288 1774 l.)
1315 1702 1448 1759 bdztetik

337 1809 356 1847 a
367 1809 408 1851 sn.
421 1792 542 1850 mdrtoni
554 1791 708 1868 ldapdtstg
721 1793 923 1852 levdltdrtban.

337 2357 438 2427 Jdoos
453 2355 631 2443 esatmpomi
645 2354 730 2419 &sak
744 2375 782 2418 oa
798 2355 978 2439 eaeterpami
992 2351 1157 2438 triptotum
1180 2373 1202 2415 a
1218 2351 1447 2440 nopyeaomboti

361 2461 568 2550 templommol
582 2465 614 2527 es
629 2460 736 2526 annale
742 2458 978 2547 jb'oedolmeioel
992 2461 1220 2546 odomdnyozzo
1234 2481 1308 2547 orep.
1327 2462 1425 2525 1211.

441 2659 583 2726 ioannes
599 2657 663 2724 Dei
679 2658 785 2744 gratia
810 2658 929 2724 Sanete
946 2655 1180 2742 Strigouiensis
1203 2657 1372 2725 Eoolesiae
1388 2657 1447 2724 Ar-

338 2763 560 2850 ohiepisoopus
573 2764 728 2848 omnibus,
743 2763 786 2830 ad
803 2781 882 2846 quos
893 2765 1019 2830 litterae
1030 2770 1220 2850 praesentes
1230 2766 1446 2850 pervenerint,

337 2873 370 2936 in
385 2877 583 2958 perpetuum.
605 2873 763 2951 Quoniam
780 2891 820 2938 ea
830 2921 840 2956 ,
860 2891 944 2956 quae
961 2879 1115 2956 geruntur
1134 2873 1166 2936 in
1183 2879 1328 2958 ternpore
1347 2875 1447 2958 serip-

336 2985 429 3046 turae
445 2981 550 3046 solent
564 2979 746 3048 testimonio
770 2980 969 3064 petendari,
995 2979 1038 3046 ad
1061 2981 1283 3048 universorum
1299 2983 1446 3049 uolumus

336 3087 483 3154 notitiam
498 3089 677 3172 pervenire,
693 3086 780 3170 quod
794 3106 852 3154 nos
862 3087 979 3154 intuita
993 3095 1187 3175 paupertate
1207 3089 1349 3174 Capituli
1363 3108 1446 3174 puro

338 3194 434 3262 oorde
451 3201 485 3261 et
498 3197 551 3281 pio
567 3195 684 3263 affeetu
700 3212 808 3261 eorum
817 3193 957 3262 inediam
967 3195 1201 3262 eorsiderantes
1212 3197 1368 3280 relevare,
1385 3197 1448 3263 llo·

338 3303 471 3372 elesiarn
485 3303 526 3371 de
542 3303 676 3371 Sumbat
690 3301 802 3389 (Nagy
811 3299 978 3389 Szombot)
990 3321 1061 3396 eum
1071 3305 1138 3371 suis
1148 3303 1447 3389 pertinentiis‚-jure

333 3412 489 3493 ridetioet
504 3414 700 3481 deeimarum
715 3419 749 3478 el
762 3412 837 3478 aliis
854 3412 1044 3480 eontulimus
1064 3413 1242 3480 liberaliter
1258 3421 1290 3480 et
1306 3411 1447 3479 libenter

336 3526 490 3608 perpetuo
506 3518 756 3606 possidendam
772 3520 819 3586 ita
834 3519 987 3588 videlieet
1002 3519 1086 3603 quod
1101 3519 1143 3588 de
1162 3520 1341 3588 redditibus
1356 3519 1446 3586 illius
1488 3591 1493 3598 ,

337 3630 483 3698 Eoolesie
514 3630 646 3698 cuilibet
669 3631 832 3698 Canonioo
856 3629 965 3696 simila
980 3630 1155 3715 tribuatur3
1179 3629 1342 3697 residuum
1367 3645 1446 3694 vero

338 3740 367 3807 si
381 3738 573 3824 superfuerit
595 3740 628 3805 in
651 3744 743 3804 usutn
769 3737 912 3804 eornium
935 3733 1030 3803 dietis
1055 3736 1207 3804 iratribus
1232 3737 1447 3821 expendatur.

336 3847 387 3914 Ne
402 3847 498 3930 igitur
512 3846 715 3934 imposterum
740 3844 821 3912 bueo
844 3851 956 3912 nostra
982 3842 1114 3912 donatio
1133 3845 1166 3910 in
1190 3845 1315 3911 irritum
1336 3844 1449 3924 ualeat

305 3949 308 3963 '
337 3955 484 4030 revocari
508 3954 540 4020 in
565 3957 785 4038 argumentum
808 3951 885 4019 fidel
913 3949 962 4020 rei
985 3959 1099 4038 gestae
1123 3951 1240 4019 seriem
1264 3953 1448 4039 praesentis

337 4063 505 4132 obartulae
529 4061 712 4130 testimonio
737 4063 958 4129 commitentes
992 4081 1065 4128 earn
1095 4059 1196 4148 sigilli
1220 4061 1322 4129 nostri
1344 4061 1448 4128 muni-

337 4171 422 4267 mine
445 4170 590 4239 roborari
614 4150 848 4256 praecepimus.
878 4169 971 4236 Anno
998 4166 1186 4237 Dominieae
1206 4167 1445 4236 Ineornationis

337 4279 507 4348 millesimo
522 4277 742 4346 dueentesimo
756 4275 933 4346 undeoimo.

339 4453 503 4530 (Hermen
529 4455 648 4517 herirati
674 4453 875 4529 gde'temdnye
902 4453 1018 4512 LXVIL
1049 4453 1207 4513 kot.1o.1.
1234 4455 1266 4513 ds
1296 4455 1450 4528 Kaprimy

600 4544 801 4620 gyilJtemdnye
810 4545 841 4600 4⁰
853 4544 886 4601 B.
899 4543 1046 4606 XXXVII.
1059 4549 1121 4606 220.
1139 4546 1182 4620 l.).

760 4721 1023 4735 ...ο-...Μ-
