3222 5054
665 341 819 452 *291—
834 349 840 358 .

180 615 234 672 130
287 529 785 608 numerumnunerum
815 538 925 598 roso-n
956 541 1072 614 rosso,
1101 543 1172 602 mne
1201 515 1305 606 rossi

236 657 242 672 .
263 636 302 675 su.
322 635 358 692 η

181 795 230 856 m
287 707 404 768 naseu
430 713 553 788 seryum
585 715 691 775 Mikros
718 701 1177 796 nss011cee-srrtsres0,'mrne
1202 725 1306 788 renone

233 817 301 857 .sn.
323 818 359 868 τις

288 892 405 951 betedik
424 894 547 968 bolyon:
567 895 675 954 Miklos
693 895 783 956 nidor
802 899 915 959 luco-ti
933 901 1040 975 itelete,
1059 905 1131 962 mint
1148 907 1192 964 ol.
1212 925 1252 964 su.
1266 909 1307 982 a.)

288 1055 356 1123 Nos
372 1058 469 1146 igitur
486 1079 527 1128 eu
536 1111 545 1145 ,
571 1081 635 1148 que
650 1086 671 1133 a
687 1084 766 1151 sepe
782 1065 870 1136 dioto
886 1066 1037 1137 Psintino
1053 1078 1130 1141 suut
1154 1071 1305 1159 diffinito,

180 1167 254 1230 rote
270 1171 304 1231 et
318 1163 409 1234 firmo
425 1167 584 1240 hebentes
599 1174 746 1260 presenti
761 1176 886 1262 pagiua
903 1176 1064 1264 dupplicis
1083 1181 1185 1270 sigilli
1201 1185 1305 1250 nostri

181 1274 356 1342 munimine
371 1277 567 1354 auctoritate
591 1283 697 1368 Regia
722 1285 755 1350 in
780 1293 973 1372 perpetuum
988 1289 1177 1358 roboratam
1193 1291 1306 1360 confir-

181 1381 350 1450 msuimns.
388 1386 507 1454 Actum
537 1408 622 1456 anno
652 1393 824 1462 Dominice
854 1396 1099 1466 Incurnuoionis
1132 1401 1305 1468 millesimo

181 1487 456 1581 co.xx(v)1111.
472 1495 579 1584 Regni
596 1501 701 1568 nostri
716 1521 804 1568 anuo
820 1501 912 1570 XX0.
929 1511 1034 1574 sexto.

342 1706 486 1780 (Eredetie
499 1731 517 1770 s
529 1710 743 1772 ssent-mimoni
755 1714 908 1792 respousg
920 1715 1142 1788 leveltrirdbun.)

612 1981 858 1994 m*—

699 2312 775 2386 156.

179 2498 226 2564 ΙΙ.
236 2497 345 2564 mesre
360 2499 467 2588 surely
474 2501 863 2590 prioiloqiuma,.melylyel
875 2523 913 2567 cz
923 2504 1079 2570 cussiriai
1087 2505 1307 2574 szootlceroszti

179 2611 315 2696 opererio
331 2608 507 2697 Loqueutoo¹
527 2613 760 2697 ceobbooseoyb
779 2611 967 2678 birtolooook
983 2612 1118 2680 lokosrct
1133 2614 1306 2704 comnmo-
1338 2645 1345 2652 ·

491 2719 605 2784 coloneio
619 2719 872 2806 cytbrrkozrorja.
893 2721 991 2787 1229.

288 2913 358 2998 Ego
382 2911 564 3004 A(ndrcss)
590 2916 652 2984 Dei
669 2916 783 3002 grecis
798 2919 869 2985 Rex
885 2915 1052 3006 Hungorie
1068 2919 1217 2986 omnibns
1233 2937 1305 3005 pre·

181 3039 256 3087 sens
272 3023 428 3110 scriptum
444 3023 641 3108 inspecturis
656 3032 766 3092 uotum
782 3027 868 3094 facio
877 3077 886 3112 ,
915 3029 1002 3112 quod
1016 3029 1139 3096 Abbati
1156 3027 1305 3095 Ecclesie

179 3126 299 3197 Sancte
314 3131 426 3200 Crucis
448 3132 482 3198 in
497 3133 633 3201 Austris
657 3153 755 3221 super
779 3141 900 3204 terram
925 3138 1147 3224 Bysscnorum
1173 3136 1304 3202 nomine

179 3239 387 3325 Legnentor,
412 3261 509 3325 quem
537 3229 641 3310 eidem
658 3263 717 3330 per
731 3243 939 3330 priuilegium
965 3245 1179 3327 contulimus,
1205 3243 1306 3310 telem

180 3350 400 3416 concessimus
420 3349 624 3438 libertatem,
652 3350 740 3436 quod
755 3349 797 3418 de
813 3351 949 3436 triginta
965 3349 1188 3446 mansionibus
1205 3349 1306 3416 homi·

181 3478 275 3544 num,
293 3476 371 3540 quos
388 3457 461 3544 ipse
476 3459 590 3526 Abbas
606 3477 705 3546 super
720 3459 860 3527 eundem
877 3465 997 3525 terram
1013 3456 1209 3542 collocant,
1234 3457 1305 3522 uul-

181 3566 246 3640 lam
262 3567 486 3651 exactionem,
511 3567 665 3636 uidelicet
681 3585 741 3636 uec
757 3567 926 3634 libertinos
944 3567 1117 3651 denarios,
1142 3583 1203 3632 nso
1227 3584 1306 3651 pon-

182 3675 281 3762 dero,
298 3693 358 3742 nec
373 3675 550 3761 tributum,
576 3695 636 3743 uec
661 3675 882 3759 tricesimam,
898 3695 960 3744 nec
975 3673 1122 3760 aliquem
1138 3671 1307 3740 collectum

180 3781 263 3850 lucri
279 3801 408 3850 comere
424 3789 543 3866 nostre,
560 3803 621 3852 nec
632 3784 737 3852 'ullum
753 3783 884 3851 omnino
898 3783 1101 3872 pensionem,
1118 3800 1181 3867 quc
1197 3798 1306 3849 succe

182 3895 281 3965 dente
296 3899 443 3982 tempore
459 3891 492 3959 in
507 3895 622 3980 Regno
638 3899 749 3960 nostro
766 3910 933 3978 emergere
948 3898 1102 3978 possent,
1123 3889 1221 3957 elicui
1236 3905 1306 3975 per·

182 4003 294 4071 solunt
303 4053 313 4088 ,
329 4009 381 4070 set
394 4007 522 4070 remota
537 4000 798 4070 contrudiociono
814 3999 961 4085 qualibet
975 4005 1045 4068 tota
1061 3999 1119 4065 illo
1134 3995 1249 4085 pensio
1264 3992 1308 4061 ud

180 4131 260 4180 usus
276 4110 416 4180 Abbatis
431 4109 579 4200 predicte
594 4109 744 4178 Ecclesie
760 4110 934 4193 colligatur
942 4160 952 4196 ‚
976 4125 1074 4193 quum
1089 4126 1147 4194 pro
1162 4101 1308 4171 remedio

179 4221 288 4290 auimo
311 4226 442 4302 nostre,
467 4221 734 4308 predecessorum
757 4235 1046 4303 successorumque
1071 4219 1253 4280 nostrorum
1270 4211 1303 4277 in

184 4329 303 4398 donum
313 4329 384 4398 Deo
395 4329 509 4399 obluta
519 4334 603 4396 suut.
621 4328 663 4394 ut
678 4327 752 4396 ideo
768 4333 890 4398 terrem
905 4325 1026 4393 dietam
1042 4341 1113 4390 oum
1127 4321 1194 4390 ism
1210 4319 1307 4388 dictis

180 4437 393 4533 prouentibus
409 4437 456 4506 sic
472 4442 565 4505 extro
581 4457 745 4506 cumeram
761 4441 907 4531 nostrum
930 4431 1126 4502 liberrimum
1142 4449 1182 4498 sc
1199 4446 1307 4498 exom-

182 4561 363 4645 peruerse
379 4545 540 4636 uolumus,
558 4546 643 4614 sicut
657 4544 751 4612 nobis
767 4563 788 4611 o
802 4543 880 4615 Deo·
890 4541 1025 4610 retribui
1041 4539 1199 4629 cupimus.
1224 4537 1308 4606 Gon·

185 4663 343 4736 cessimus
360 4659 479 4742 etiem,
503 4665 538 4726 ut
557 4656 694 4746 populus
710 4653 796 4728 diets
813 4660 899 4724 terre
915 4672 976 4726 uec
989 4649 1034 4724 sd
1048 4647 1242 4724 incidendas
1259 4648 1307 4718 iu·
