3214 5072
585 359 755 508 gas.

89 581 91 589 ⁴
124 613 153 672 et
167 609 315 670 nostram
329 603 561 688 protectionem
578 599 791 686 suscipimus;
816 599 1002 687 specialiter
1027 593 1134 666 abtum
1161 619 1232 686 pos·

124 715 286 780 sessiones
317 709 504 793 Satolbaolt,
545 707 767 792 Mulehbereh,
799 707 1017 789 Miscendorff,
1048 707 1245 804 Grasental,

123 817 326 886 Baraustorff
338 823 370 883 et
380 814 649 902 Dogendorloum
665 815 867 900 pertinentiis
879 817 956 899 suis,
973 834 1056 899 quos
1073 812 1235 898 quondam

124 924 278 992 Dominus
296 914 430 992 eontulit
445 924 652 991 ‘monasterio
677 931 796 1010 vestro,
829 944 886 990 eas
914 925 1003 1009 justa
1034 942 1075 989 ao
1092 913 1238 1007 pauidos

123 1033 308 1118 possidetis,
326 1033 418 1106 uobis
436 1039 468 1097 et
483 1052 542 1116 per
557 1050 615 1098 vos
629 1032 827 1098 monasterio
844 1033 914 1118 ipso
939 1031 1135 1120 authoritate
1151 1031 1236 1114 Apo·

125 1141 241 1206 stoliea
257 1141 480 1207 confirmamus
498 1147 530 1205 et
545 1141 726 1226 praesentis
743 1139 855 1225 scripti
865 1139 1083 1225 patrosininio
1098 1156 1238 1204 summu-

125 1249 238 1313 uimos.
264 1249 462 1330 Statuentes,
478 1255 513 1313 ut
529 1247 635 1312 nullus
651 1245 691 1313 de
707 1248 879 1313 noualibus
903 1244 1032 1327 uestris,
1057 1267 1141 1330 quae
1166 1265 1239 1330 pro·

124 1356 200 1441 priis
217 1355 368 1422 manibus
385 1363 443 1420 aut
459 1354 640 1440 sumptibus
658 1356 777 1440 solitis,
794 1357 863 1422 sive
879 1354 919 1420 de
941 1355 1145 1421 nutrimentis
1172 1353 1239 1420 ani-

126 1463 259 1529 malium
276 1453 465 1548 vestrorum,
483 1465 535 1529 vol
551 1462 591 1528 do
607 1463 689 1549 ipsis
705 1463 899 1532 animalibus
925 1461 1069 1528 decimas
1097 1481 1117 1527 a
1143 1461 1237 1528 uobis

126 1571 257 1654 erigere
274 1573 326 1638 vel
343 1577 535 1653 extorquere
550 1577 745 1656 praesumat.
768 1571 858 1638 Nulli
882 1589 959 1656 ergo
985 1571 1113 1637 omnino
1137 1569 1239 1636 homi·
1309 1583 1311 1586 ·

127 1699 199 1743 num
215 1681 316 1746 lieeat
339 1679 421 1744 hano
446 1679 602 1764 paginam
626 1685 758 1746 nostrae
783 1679 990 1762 protectionis
1018 1683 1049 1744 et
1074 1675 1239 1743 coufirma-

126 1786 222 1853 tionis
241 1792 275 1852 et
299 1783 500 1852 inhibitionis
525 1785 700 1872 intringere
727 1787 781 1852 uel
805 1785 836 1850 ei
861 1803 942 1851 ausu
966 1785 1139 1850 temerario
1164 1805 1258 1852 conv

129 1895 236 1960 traire.
263 1893 387 1976 Siquis
404 1898 511 1960 autem
526 1893 588 1958 hoo
612 1899 774 1961 attentare
789 1887 1066 1979 praesumpserit,
1092 1891 1240 1978 indigua-

128 2005 245 2069 tiouem
264 1999 504 2087 Omnipotentis
520 2003 583 2068 Dei
607 2011 639 2068 et
661 2005 835 2087 Beatorum
859 2001 947 2066 Petri
972 2009 1004 2066 et
1030 2001 1124 2066 Pauli
1151 2003 1236 2087 Apo·

130 2109 281 2176 stol-orum
307 2109 379 2192 ejus
402 2111 449 2192 {se
473 2101 831 2178 noveritinoursurom.
864 2107 983 2176 Datum
1006 2111 1130 2178 Romae
1154 2107 1242 2196 apud

133 2217 284 2283 Sanctum
300 2219 428 2284 Petrum
445 2219 499 2284 IV.
518 2217 682 2286 calendas
692 2219 801 2287 Martii
816 2215 1027 2285 Pontificatus
1043 2237 1127 2286 auno
1141 2217 1242 2284 nostri

132 2324 261 2391 deuimo.
813 2338 816 2344 “

254 2537 419 2612 (Hersesey
437 2537 558 2596 kazirati
574 2537 834 2618 gbetemdnydbbl.
850 2537 926 2594 LllI.
946 2538 974 2596 k.
993 2536 1054 2598 sou.
1073 2536 1116 2610 l.).

659 3053 716 3120 54.

137 3229 196 3296 Ill.
222 3229 316 3297 Inoas
342 3230 433 3317 pcipo
455 3254 476 3295 o
500 3214 738 3328 borsmouos‘trub'
767 3233 930 3318 updtsdpot
953 3231 1112 3318 popoioult
1145 3227 1246 3296 burmi

420 3341 530 3404 santa
552 3340 632 3404 olleo
654 3338 818 3423 biztositju.
844 3339 942 3404 1207.

237 3493 445 3585 Innocentius
461 3518 643 3603 Episcopus
659 3535 771 3583 servos
787 3481 952 3585 seruorum
979 3515 1051 3600 Dei,
1077 3511 1254 3596 venerabi<

136 3626 222 3692 libus
251 3626 406 3693 iratribus
438 3625 689 3711 Archiepiscopo
729 3625 942 3708 strigoniensi
973 3631 1005 3694 et
1031 3625 1245 3710 suffraganeis

135 3735 214 3820 ejus,
232 3744 267 3800 et
293 3735 420 3826 dilectis
451 3733 527 3826 filiis
557 3732 753 3816 Abbatibus,
785 3729 958 3820 Prioribus,
989 3732 1246 3816 Archidiauouis,

136 3844 279 3911 Decanis
297 3849 329 3908 et
345 3843 418 3909 aliis
443 3843 664 3910 Ecclesiarum
691 3841 853 3909 Praelatis
877 3845 910 3910 in
933 3841 1146 3930 strigoniensi
1171 3843 1247 3909 Pro·
1367 3843 1370 3852 “

135 3951 243 4017 tineis
275 3951 456 4016 constitutis
480 3953 628 4018 salutem
661 3957 692 4016 et
722 3951 946 4035 Apostolioanr
977 3951 1246 4020 benedictionem.

134 4059 327 4126 Audivimus
344 4065 377 4126 et
401 4057 571 4124 audientes
596 4059 742 4126 miserati
768 4079 888 4144 sumus,
915 4059 999 4143 quod
1024 4075 1096 4126 oum
1123 4057 1249 4124 dileetis

133 4167 206 4233 filiis
223 4167 346 4232 Abbati
363 4176 395 4234 et
411 4166 591 4234 Conventui
607 4167 647 4232 do
664 4169 740 4234 Alto
756 4169 864 4236 Monte
880 4171 1023 4236 Sanetus
1048 4169 1172 4254 illarius
1197 4167 1248 4233 Oi·

134 4275 321 4341 steroiensis
337 4275 459 4342 ordinis
476 4295 497 4340 a
512 4274 659 4360 patribus
676 4285 708 4340 et
722 4275 1031 4361 praedecessoribus
1047 4275 1165 4342 nostris
1176 4293 1248 4341 oon·

134 4405 258 4450 cessum
277 4383 320 4452 sit
336 4393 370 4451 et
384 4381 588 4471 postmodum
606 4404 627 4449 a
642 4383 736 4452 nobis
753 4385 835 4471 ipsis
852 4381 1012 4450 indultum
1030 4391 1063 4450 et
1078 4382 1248 4449 sundrma-

133 4501 207 4576 tum,
225 4499 262 4560 ut
278 4495 320 4560 de
339 4493 515 4578 laboribus,
540 4513 623 4577 quos
648 4494 786 4580 propriis
811 4491 960 4558 manibus
986 4499 1042 4558 ant
1067 4495 1249 4580 sumptibus

135 4603 295 4684 excolunt,
313 4603 435 4668 nemini
451 4603 597 4668 daoimas
614 4603 739 4684 solvere
763 4607 951 4686 teneantur3
976 4601 1106 4684 quidam
1135 4605 1177 4670 ab
1202 4605 1249 4672 eis

135 4711 343 4778 nibilominus
361 4716 473 4776 eontra
489 4709 696 4796 Apostoliouo
713 4709 807 4778 Sedis
833 4707 1066 4797 indulgentiam
1091 4710 1250 4802 desimam
