<?xml version="1.0" encoding="UTF-8"?>
<!DOCTYPE html PUBLIC "-//W3C//DTD XHTML 1.0 Transitional//EN"
    "http://www.w3.org/TR/xhtml1/DTD/xhtml1-transitional.dtd">
<html xmlns="http://www.w3.org/1999/xhtml" xml:lang="en" lang="en">
 <head>
  <title>
</title>
<meta http-equiv="Content-Type" content="text/html;charset=utf-8" />
  <meta name='ocr-system' content='tesseract 3.04.00' />
  <meta name='ocr-capabilities' content='ocr_page ocr_carea ocr_par ocr_line ocrx_word'/>
</head>
<body>
  <div class='ocr_page' id='page_1' title='image "./codexdiplomatic20wenzgoog_0240.png"; bbox 0 0 3214 5066; ppageno 0'>
   <div class='ocr_carea' id='block_1_1' title="bbox 688 883 765 949">
    <p class='ocr_par' dir='ltr' id='par_1_1' title="bbox 688 883 765 949">
     <span class='ocr_line' id='line_1_1' title="bbox 688 883 765 949; baseline 0.013 -1"><span class='ocrx_word' id='word_1_1' title='bbox 688 883 765 949; x_wconf 78' lang='lat' dir='ltr'><strong>tot.</strong></span> 
     </span>
    </p>
   </div>
   <div class='ocr_carea' id='block_1_2' title="bbox 169 1033 1286 1258">
    <p class='ocr_par' dir='ltr' id='par_1_2' title="bbox 169 1033 1286 1258">
     <span class='ocr_line' id='line_1_2' title="bbox 169 1033 1286 1154; baseline -0.003 -22"><span class='ocrx_word' id='word_1_2' title='bbox 169 1067 290 1132; x_wconf 68' lang='lat' dir='ltr'><strong>roano</strong></span> <span class='ocrx_word' id='word_1_3' title='bbox 303 1065 529 1154; x_wconf 64' lang='lat' dir='ltr'><strong>pycrspcper</strong></span> <span class='ocrx_word' id='word_1_4' title='bbox 543 1064 688 1152; x_wconf 67' lang='lat' dir='ltr'><strong>seonyos</strong></span> <span class='ocrx_word' id='word_1_5' title='bbox 696 1075 772 1150; x_wconf 71' lang='lat' dir='ltr'><strong>pat</strong></span> <span class='ocrx_word' id='word_1_6' title='bbox 797 1087 816 1128; x_wconf 74' lang='lat' dir='ltr'><strong>a</strong></span> <span class='ocrx_word' id='word_1_7' title='bbox 843 1033 1097 1150; x_wconf 61' lang='grc'><strong><em>2222222222</em></strong></span> <span class='ocrx_word' id='word_1_8' title='bbox 1113 1068 1145 1130; x_wconf 76' lang='lat' dir='ltr'><strong>a</strong></span> <span class='ocrx_word' id='word_1_9' title='bbox 1160 1086 1182 1128; x_wconf 79' lang='lat' dir='ltr'><strong>a</strong></span> <span class='ocrx_word' id='word_1_10' title='bbox 1196 1064 1286 1152; x_wconf 63' lang='lat' dir='ltr'><strong>pyra</strong></span> 
     </span>
     <span class='ocr_line' id='line_1_3' title="bbox 383 1171 1074 1258; baseline 0 -21"><span class='ocrx_word' id='word_1_11' title='bbox 383 1171 539 1258; x_wconf 69' lang='grc'><strong><em>22222</em></strong></span> <span class='ocrx_word' id='word_1_12' title='bbox 553 1173 828 1258; x_wconf 60' lang='lat' dir='ltr'><strong>coaeparatur.</strong></span> <span class='ocrx_word' id='word_1_13' title='bbox 844 1173 1074 1237; x_wconf 83' lang='lat'><strong><em>1219-1222.</em></strong></span> 
     </span>
    </p>
   </div>
   <div class='ocr_carea' id='block_1_3' title="bbox 165 1355 1285 2210">
    <p class='ocr_par' dir='ltr' id='par_1_3' title="bbox 165 1355 1285 2210">
     <span class='ocr_line' id='line_1_4' title="bbox 276 1355 1284 1456; baseline -0.002 -18"><span class='ocrx_word' id='word_1_14' title='bbox 276 1364 444 1456; x_wconf 82' lang='lat' dir='ltr'><strong>G(osmas)</strong></span> <span class='ocrx_word' id='word_1_15' title='bbox 469 1369 532 1436; x_wconf 91' lang='lat' dir='ltr'><strong>Dei</strong></span> <span class='ocrx_word' id='word_1_16' title='bbox 558 1369 672 1452; x_wconf 76' lang='lat' dir='ltr'><strong>gracia</strong></span> <span class='ocrx_word' id='word_1_17' title='bbox 696 1368 879 1455; x_wconf 77' lang='lat' dir='ltr'>Episcopus</span> <span class='ocrx_word' id='word_1_18' title='bbox 905 1355 1093 1436; x_wconf 84' lang='lat' dir='ltr'><strong>Gouriensis</strong></span> <span class='ocrx_word' id='word_1_19' title='bbox 1124 1367 1284 1436; x_wconf 87' lang='lat' dir='ltr'><strong>uniuersis</strong></span> 
     </span>
     <span class='ocr_line' id='line_1_5' title="bbox 167 1477 1284 1564; baseline -0.002 -18"><span class='ocrx_word' id='word_1_20' title='bbox 167 1479 331 1546; x_wconf 81' lang='lat' dir='ltr'>modernis</span> <span class='ocrx_word' id='word_1_21' title='bbox 355 1485 388 1544; x_wconf 97' lang='grc'><strong>22</strong></span> <span class='ocrx_word' id='word_1_22' title='bbox 412 1477 527 1546; x_wconf 84' lang='lat' dir='ltr'><strong>suturis</strong></span> <span class='ocrx_word' id='word_1_23' title='bbox 551 1483 737 1562; x_wconf 77' lang='lat' dir='ltr'><strong>presentem</strong></span> <span class='ocrx_word' id='word_1_24' title='bbox 761 1477 914 1562; x_wconf 84' lang='lat' dir='ltr'><strong>paginam</strong></span> <span class='ocrx_word' id='word_1_25' title='bbox 938 1477 1129 1564; x_wconf 87' lang='lat' dir='ltr'><strong>inspecturis</strong></span> <span class='ocrx_word' id='word_1_26' title='bbox 1146 1480 1284 1546; x_wconf 88' lang='lat' dir='ltr'><strong>salutem</strong></span> 
     </span>
     <span class='ocr_line' id='line_1_6' title="bbox 168 1581 1285 1669; baseline -0.004 -15"><span class='ocrx_word' id='word_1_27' title='bbox 168 1589 201 1654; x_wconf 94' lang='lat' dir='ltr'><strong>iu</strong></span> <span class='ocrx_word' id='word_1_28' title='bbox 216 1606 295 1653; x_wconf 85' lang='lat' dir='ltr'><strong>vero</strong></span> <span class='ocrx_word' id='word_1_29' title='bbox 312 1585 458 1653; x_wconf 84' lang='lat' dir='ltr'><strong>salutari.</strong></span> <span class='ocrx_word' id='word_1_30' title='bbox 478 1586 632 1652; x_wconf 77' lang='lat' dir='ltr'><strong>Noscant</strong></span> <span class='ocrx_word' id='word_1_31' title='bbox 647 1591 817 1669; x_wconf 78' lang='lat' dir='ltr'><strong>presentes</strong></span> <span class='ocrx_word' id='word_1_32' title='bbox 834 1589 866 1650; x_wconf 87' lang='lat' dir='ltr'><strong>et</strong></span> <span class='ocrx_word' id='word_1_33' title='bbox 882 1581 997 1665; x_wconf 87' lang='lat' dir='ltr'><strong>icturi,</strong></span> <span class='ocrx_word' id='word_1_34' title='bbox 1014 1586 1099 1669; x_wconf 87' lang='lat' dir='ltr'><strong>quod</strong></span> <span class='ocrx_word' id='word_1_35' title='bbox 1115 1605 1186 1652; x_wconf 92' lang='lat' dir='ltr'><strong>cum</strong></span> <span class='ocrx_word' id='word_1_36' title='bbox 1201 1585 1285 1652; x_wconf 87' lang='lat' dir='ltr'><strong>inter</strong></span> 
     </span>
     <span class='ocr_line' id='line_1_7' title="bbox 167 1691 1285 1780; baseline -0.004 -18"><span class='ocrx_word' id='word_1_37' title='bbox 167 1695 331 1762; x_wconf 81' lang='lat' dir='ltr'><strong>Abbatem</strong></span> <span class='ocrx_word' id='word_1_38' title='bbox 340 1691 540 1760; x_wconf 79' lang='lat' dir='ltr'>Demetrium</span> <span class='ocrx_word' id='word_1_39' title='bbox 556 1692 597 1758; x_wconf 86' lang='lat' dir='ltr'><strong>de</strong></span> <span class='ocrx_word' id='word_1_40' title='bbox 608 1691 688 1760; x_wconf 78' lang='lat' dir='ltr'><strong>Beel</strong></span> <span class='ocrx_word' id='word_1_41' title='bbox 705 1712 746 1757; x_wconf 84' lang='lat' dir='ltr'><strong>ex</strong></span> <span class='ocrx_word' id='word_1_42' title='bbox 761 1712 827 1759; x_wconf 84' lang='lat' dir='ltr'><strong>vna</strong></span> <span class='ocrx_word' id='word_1_43' title='bbox 842 1699 945 1778; x_wconf 88' lang='lat' dir='ltr'><strong>parte,</strong></span> <span class='ocrx_word' id='word_1_44' title='bbox 962 1699 994 1761; x_wconf 91' lang='lat' dir='ltr'><strong>ct</strong></span> <span class='ocrx_word' id='word_1_45' title='bbox 1009 1693 1285 1780; x_wconf 76' lang='grc'><strong><em>122220221221222</em></strong></span> 
     </span>
     <span class='ocr_line' id='line_1_8' title="bbox 166 1797 1282 1884; baseline -0.004 -14"><span class='ocrx_word' id='word_1_46' title='bbox 166 1810 313 1870; x_wconf 81' lang='lat' dir='ltr'><strong>nostrum</strong></span> <span class='ocrx_word' id='word_1_47' title='bbox 338 1819 379 1865; x_wconf 87' lang='lat' dir='ltr'><strong>cx</strong></span> <span class='ocrx_word' id='word_1_48' title='bbox 403 1801 508 1866; x_wconf 87' lang='lat' dir='ltr'><strong>altera</strong></span> <span class='ocrx_word' id='word_1_49' title='bbox 528 1818 636 1866; x_wconf 90' lang='lat' dir='ltr'><strong>coram</strong></span> <span class='ocrx_word' id='word_1_50' title='bbox 651 1799 816 1884; x_wconf 85' lang='lat' dir='ltr'><strong>magistro</strong></span> <span class='ocrx_word' id='word_1_51' title='bbox 835 1797 1002 1866; x_wconf 81' lang='lat' dir='ltr'><strong>Demetrio</strong></span> <span class='ocrx_word' id='word_1_52' title='bbox 1016 1801 1093 1868; x_wconf 86' lang='lat' dir='ltr'><strong>aule</strong></span> <span class='ocrx_word' id='word_1_53' title='bbox 1109 1801 1211 1881; x_wconf 80' lang='lat' dir='ltr'><strong>Regio</strong></span> <span class='ocrx_word' id='word_1_54' title='bbox 1227 1800 1282 1867; x_wconf 87' lang='lat' dir='ltr'><strong>Ju-</strong></span> 
     </span>
     <span class='ocr_line' id='line_1_9' title="bbox 168 1905 1285 2004; baseline -0.002 -28"><span class='ocrx_word' id='word_1_55' title='bbox 168 1911 260 1994; x_wconf 89' lang='lat' dir='ltr'><strong>dice,</strong></span> <span class='ocrx_word' id='word_1_56' title='bbox 286 1907 450 2004; x_wconf 87' lang='lat' dir='ltr'><strong>mediante</strong></span> <span class='ocrx_word' id='word_1_57' title='bbox 473 1927 550 1974; x_wconf 85' lang='lat' dir='ltr'><strong>vero</strong></span> <span class='ocrx_word' id='word_1_58' title='bbox 582 1906 747 1994; x_wconf 85' lang='lat' dir='ltr'><strong>prestaldo</strong></span> <span class='ocrx_word' id='word_1_59' title='bbox 768 1905 892 1973; x_wconf 82' lang='lat' dir='ltr'><strong>Tochia</strong></span> <span class='ocrx_word' id='word_1_60' title='bbox 911 1906 976 1974; x_wconf 86' lang='lat' dir='ltr'><strong>filio</strong></span> <span class='ocrx_word' id='word_1_61' title='bbox 993 1907 1226 1975; x_wconf 81' lang='lat' dir='ltr'><strong>Penthaleonis</strong></span> <span class='ocrx_word' id='word_1_62' title='bbox 1244 1911 1285 1976; x_wconf 88' lang='lat' dir='ltr'><strong>de</strong></span> 
     </span>
     <span class='ocr_line' id='line_1_10' title="bbox 166 2011 1281 2102; baseline -0.001 -18"><span class='ocrx_word' id='word_1_63' title='bbox 166 2017 247 2084; x_wconf 86' lang='lat' dir='ltr'><strong>villa</strong></span> <span class='ocrx_word' id='word_1_64' title='bbox 262 2017 398 2101; x_wconf 88' lang='lat' dir='ltr'><strong>Poguna</strong></span> <span class='ocrx_word' id='word_1_65' title='bbox 413 2015 454 2081; x_wconf 91' lang='lat' dir='ltr'><strong>lis</strong></span> <span class='ocrx_word' id='word_1_66' title='bbox 470 2023 503 2082; x_wconf 91' lang='grc'><strong>22</strong></span> <span class='ocrx_word' id='word_1_67' title='bbox 519 2017 685 2082; x_wconf 86' lang='lat' dir='ltr'><strong>contencio</strong></span> <span class='ocrx_word' id='word_1_68' title='bbox 701 2011 816 2079; x_wconf 82' lang='lat' dir='ltr'><strong>fuisset</strong></span> <span class='ocrx_word' id='word_1_69' title='bbox 832 2020 956 2096; x_wconf 84' lang='lat' dir='ltr'><strong>exorta,</strong></span> <span class='ocrx_word' id='word_1_70' title='bbox 972 2033 1011 2080; x_wconf 91' lang='lat' dir='ltr'><strong>eo</strong></span> <span class='ocrx_word' id='word_1_71' title='bbox 1023 2015 1110 2099; x_wconf 91' lang='lat' dir='ltr'><strong>quod</strong></span> <span class='ocrx_word' id='word_1_72' title='bbox 1118 2016 1281 2102; x_wconf 88' lang='lat' dir='ltr'><strong>predictus</strong></span> 
     </span>
     <span class='ocr_line' id='line_1_11' title="bbox 165 2111 1285 2210; baseline -0.003 -18"><span class='ocrx_word' id='word_1_73' title='bbox 165 2126 282 2192; x_wconf 78' lang='lat' dir='ltr'><strong>libbas</strong></span> <span class='ocrx_word' id='word_1_74' title='bbox 307 2124 353 2190; x_wconf 86' lang='lat' dir='ltr'><strong>ab</strong></span> <span class='ocrx_word' id='word_1_75' title='bbox 374 2125 446 2210; x_wconf 92' lang='lat' dir='ltr'><strong>ipso</strong></span> <span class='ocrx_word' id='word_1_76' title='bbox 473 2111 621 2209; x_wconf 79' lang='lat' dir='ltr'><strong>Capitulo</strong></span> <span class='ocrx_word' id='word_1_77' title='bbox 649 2121 824 2206; x_wconf 84' lang='lat' dir='ltr'><strong>quamdam</strong></span> <span class='ocrx_word' id='word_1_78' title='bbox 840 2122 1024 2207; x_wconf 86' lang='lat' dir='ltr'><strong>porcionem</strong></span> <span class='ocrx_word' id='word_1_79' title='bbox 1039 2129 1124 2189; x_wconf 90' lang='lat' dir='ltr'><strong>terre</strong></span> <span class='ocrx_word' id='word_1_80' title='bbox 1140 2124 1181 2190; x_wconf 85' lang='lat' dir='ltr'><strong>de</strong></span> <span class='ocrx_word' id='word_1_81' title='bbox 1197 2111 1285 2189; x_wconf 80' lang='lat' dir='ltr'><strong>terra</strong></span> 
     </span>
    </p>
   </div>
   <div class='ocr_carea' id='block_1_4' title="bbox 167 2229 1352 2317">
    <p class='ocr_par' dir='ltr' id='par_1_4' title="bbox 167 2229 1352 2317">
     <span class='ocr_line' id='line_1_12' title="bbox 167 2229 1352 2317; baseline -0.002 -19"><span class='ocrx_word' id='word_1_82' title='bbox 167 2233 245 2298; x_wconf 84' lang='lat' dir='ltr'><strong>ville</strong></span> <span class='ocrx_word' id='word_1_83' title='bbox 261 2233 369 2317; x_wconf 87' lang='lat' dir='ltr'><strong>Arpas</strong></span> <span class='ocrx_word' id='word_1_84' title='bbox 395 2239 562 2315; x_wconf 87' lang='lat' dir='ltr'><strong>tamquam</strong></span> <span class='ocrx_word' id='word_1_85' title='bbox 586 2229 743 2296; x_wconf 84' lang='lat' dir='ltr'><strong>violenter</strong></span> <span class='ocrx_word' id='word_1_86' title='bbox 762 2237 953 2314; x_wconf 80' lang='lat' dir='ltr'><strong>occupatam</strong></span> <span class='ocrx_word' id='word_1_87' title='bbox 972 2229 1168 2314; x_wconf 86' lang='lat' dir='ltr'><strong>requirebat.</strong></span> <span class='ocrx_word' id='word_1_88' title='bbox 1199 2229 1284 2296; x_wconf 84' lang='lat' dir='ltr'><strong>Tan·</strong></span> <span class='ocrx_word' id='word_1_89' title='bbox 1350 2267 1352 2276; x_wconf 48' lang='grc' dir='ltr'><strong><em>ι</em></strong></span> 
     </span>
    </p>
   </div>
   <div class='ocr_carea' id='block_1_5' title="bbox 165 2339 1285 2536">
    <p class='ocr_par' dir='ltr' id='par_1_5' title="bbox 165 2339 1285 2536">
     <span class='ocr_line' id='line_1_13' title="bbox 165 2339 1285 2424; baseline 0 -20"><span class='ocrx_word' id='word_1_90' title='bbox 165 2339 239 2407; x_wconf 89' lang='lat' dir='ltr'><strong>dem</strong></span> <span class='ocrx_word' id='word_1_91' title='bbox 255 2339 541 2424; x_wconf 76' lang='lat' dir='ltr'><strong>utriusquepartis</strong></span> <span class='ocrx_word' id='word_1_92' title='bbox 558 2339 726 2404; x_wconf 87' lang='lat' dir='ltr'><strong>voluntate</strong></span> <span class='ocrx_word' id='word_1_93' title='bbox 752 2343 784 2402; x_wconf 92' lang='lat' dir='ltr'><strong>et</strong></span> <span class='ocrx_word' id='word_1_94' title='bbox 809 2357 947 2404; x_wconf 89' lang='lat' dir='ltr'><strong>assensu</strong></span> <span class='ocrx_word' id='word_1_95' title='bbox 971 2339 1054 2405; x_wconf 88' lang='lat' dir='ltr'><strong>inter</strong></span> <span class='ocrx_word' id='word_1_96' title='bbox 1069 2341 1159 2424; x_wconf 90' lang='lat' dir='ltr'><strong>ipsos</strong></span> <span class='ocrx_word' id='word_1_97' title='bbox 1175 2359 1234 2408; x_wconf 89' lang='lat' dir='ltr'><strong>nos</strong></span> <span class='ocrx_word' id='word_1_98' title='bbox 1250 2347 1285 2404; x_wconf 86' lang='lat' dir='ltr'><strong>vt</strong></span> 
     </span>
     <span class='ocr_line' id='line_1_14' title="bbox 166 2445 1284 2536; baseline 0.003 -22"><span class='ocrx_word' id='word_1_99' title='bbox 166 2449 292 2516; x_wconf 79' lang='lat' dir='ltr'><strong>arbiter</strong></span> <span class='ocrx_word' id='word_1_100' title='bbox 307 2451 450 2516; x_wconf 87' lang='lat' dir='ltr'><strong>existens</strong></span> <span class='ocrx_word' id='word_1_101' title='bbox 466 2449 566 2513; x_wconf 90' lang='lat' dir='ltr'><strong>talem</strong></span> <span class='ocrx_word' id='word_1_102' title='bbox 593 2445 728 2513; x_wconf 81' lang='lat' dir='ltr'><strong>fecimus</strong></span> <span class='ocrx_word' id='word_1_103' title='bbox 756 2445 1044 2532; x_wconf 83' lang='lat' dir='ltr'><strong>composicionem:</strong></span> <span class='ocrx_word' id='word_1_104' title='bbox 1070 2447 1156 2530; x_wconf 90' lang='lat' dir='ltr'><strong>quod</strong></span> <span class='ocrx_word' id='word_1_105' title='bbox 1179 2451 1284 2536; x_wconf 82' lang='lat' dir='ltr'><strong>ipsam</strong></span> 
     </span>
    </p>
   </div>
   <div class='ocr_carea' id='block_1_6' title="bbox 165 2553 1326 2646">
    <p class='ocr_par' dir='ltr' id='par_1_6' title="bbox 165 2553 1326 2646">
     <span class='ocr_line' id='line_1_15' title="bbox 165 2553 1326 2646; baseline 0.003 -26"><span class='ocrx_word' id='word_1_106' title='bbox 165 2563 310 2637; x_wconf 90' lang='lat' dir='ltr'><strong>terram,</strong></span> <span class='ocrx_word' id='word_1_107' title='bbox 335 2553 431 2639; x_wconf 87' lang='lat' dir='ltr'><strong>quam</strong></span> <span class='ocrx_word' id='word_1_108' title='bbox 461 2555 646 2640; x_wconf 84' lang='lat' dir='ltr'><strong>sepedictus</strong></span> <span class='ocrx_word' id='word_1_109' title='bbox 661 2556 778 2622; x_wconf 85' lang='lat' dir='ltr'><strong>Abbas</strong></span> <span class='ocrx_word' id='word_1_110' title='bbox 794 2555 998 2646; x_wconf 81' lang='lat' dir='ltr'><strong>requirebat,</strong></span> <span class='ocrx_word' id='word_1_111' title='bbox 1024 2556 1207 2642; x_wconf 79' lang='lat' dir='ltr'><strong>Capitulum</strong></span> <span class='ocrx_word' id='word_1_112' title='bbox 1230 2578 1286 2624; x_wconf 92' lang='lat' dir='ltr'><strong>no·</strong></span> <span class='ocrx_word' id='word_1_113' title='bbox 1321 2601 1326 2614; x_wconf 66' lang='grc'><strong>»</strong></span> 
     </span>
    </p>
   </div>
   <div class='ocr_carea' id='block_1_7' title="bbox 165 2661 1284 3182">
    <p class='ocr_par' dir='ltr' id='par_1_7' title="bbox 165 2661 1284 3182">
     <span class='ocr_line' id='line_1_16' title="bbox 166 2661 1284 2755; baseline -0.003 -23"><span class='ocrx_word' id='word_1_114' title='bbox 166 2673 270 2732; x_wconf 88' lang='lat' dir='ltr'><strong>strum</strong></span> <span class='ocrx_word' id='word_1_115' title='bbox 296 2665 401 2734; x_wconf 87' lang='lat' dir='ltr'><strong>eidem</strong></span> <span class='ocrx_word' id='word_1_116' title='bbox 425 2683 496 2730; x_wconf 88' lang='lat' dir='ltr'><strong>cum</strong></span> <span class='ocrx_word' id='word_1_117' title='bbox 523 2683 586 2730; x_wconf 83' lang='lat' dir='ltr'><strong>vno</strong></span> <span class='ocrx_word' id='word_1_118' title='bbox 611 2661 796 2729; x_wconf 88' lang='lat' dir='ltr'><strong>molendino</strong></span> <span class='ocrx_word' id='word_1_119' title='bbox 824 2683 921 2751; x_wconf 90' lang='lat' dir='ltr'><strong>super</strong></span> <span class='ocrx_word' id='word_1_120' title='bbox 937 2664 1108 2748; x_wconf 87' lang='lat' dir='ltr'><strong>quamdam</strong></span> <span class='ocrx_word' id='word_1_121' title='bbox 1125 2662 1284 2755; x_wconf 82' lang='lat' dir='ltr'><strong>fossatam</strong></span> 
     </span>
     <span class='ocr_line' id='line_1_17' title="bbox 166 2771 1284 2862; baseline 0 -24"><span class='ocrx_word' id='word_1_122' title='bbox 166 2774 337 2839; x_wconf 79' lang='lat' dir='ltr'><strong>voluntate</strong></span> <span class='ocrx_word' id='word_1_123' title='bbox 353 2772 483 2862; x_wconf 91' lang='lat' dir='ltr'><strong>reliquit</strong></span> <span class='ocrx_word' id='word_1_124' title='bbox 499 2777 655 2857; x_wconf 90' lang='lat' dir='ltr'><strong>perpetuo</strong></span> <span class='ocrx_word' id='word_1_125' title='bbox 679 2771 929 2858; x_wconf 66' lang='lat' dir='ltr'><strong>possidendam</strong></span> <span class='ocrx_word' id='word_1_126' title='bbox 955 2772 1046 2840; x_wconf 88' lang='lat' dir='ltr'><strong>aliud</strong></span> <span class='ocrx_word' id='word_1_127' title='bbox 1062 2791 1138 2840; x_wconf 90' lang='lat' dir='ltr'><strong>vcro</strong></span> <span class='ocrx_word' id='word_1_128' title='bbox 1163 2773 1284 2838; x_wconf 91' lang='lat' dir='ltr'><strong>molen·</strong></span> 
     </span>
     <span class='ocr_line' id='line_1_18' title="bbox 167 2877 1282 2965; baseline 0.001 -18"><span class='ocrx_word' id='word_1_129' title='bbox 167 2881 292 2964; x_wconf 89' lang='lat' dir='ltr'><strong>diuum,</strong></span> <span class='ocrx_word' id='word_1_130' title='bbox 309 2879 395 2963; x_wconf 88' lang='lat' dir='ltr'><strong>quod</strong></span> <span class='ocrx_word' id='word_1_131' title='bbox 411 2899 506 2964; x_wconf 91' lang='lat' dir='ltr'><strong>super</strong></span> <span class='ocrx_word' id='word_1_132' title='bbox 521 2877 669 2945; x_wconf 83' lang='lat' dir='ltr'><strong>Rabbam</strong></span> <span class='ocrx_word' id='word_1_133' title='bbox 684 2879 820 2961; x_wconf 87' lang='lat' dir='ltr'><strong>volutat,</strong></span> <span class='ocrx_word' id='word_1_134' title='bbox 838 2899 909 2945; x_wconf 93' lang='lat' dir='ltr'><strong>cum</strong></span> <span class='ocrx_word' id='word_1_135' title='bbox 925 2881 1032 2948; x_wconf 85' lang='lat' dir='ltr'><strong>insula</strong></span> <span class='ocrx_word' id='word_1_136' title='bbox 1043 2879 1222 2965; x_wconf 79' lang='lat' dir='ltr'><strong>Capitulum</strong></span> <span class='ocrx_word' id='word_1_137' title='bbox 1232 2900 1282 2948; x_wconf 88' lang='grc'><strong>22·</strong></span> 
     </span>
     <span class='ocr_line' id='line_1_19' title="bbox 165 2969 1283 3077; baseline 0 -21"><span class='ocrx_word' id='word_1_138' title='bbox 165 2987 335 3077; x_wconf 79' lang='grc'><strong><em>2221122222</em></strong></span> <span class='ocrx_word' id='word_1_139' title='bbox 351 2987 413 3054; x_wconf 88' lang='lat' dir='ltr'><strong>sibi</strong></span> <span class='ocrx_word' id='word_1_140' title='bbox 429 2987 493 3072; x_wconf 87' lang='lat' dir='ltr'><strong>ipsi</strong></span> <span class='ocrx_word' id='word_1_141' title='bbox 507 2985 639 3052; x_wconf 89' lang='lat' dir='ltr'><strong>retinuit</strong></span> <span class='ocrx_word' id='word_1_142' title='bbox 654 2983 789 3072; x_wconf 87' lang='lat' dir='ltr'><strong>pacifice</strong></span> <span class='ocrx_word' id='word_1_143' title='bbox 804 2987 1045 3072; x_wconf 88' lang='lat' dir='ltr'><strong>possidendum.</strong></span> <span class='ocrx_word' id='word_1_144' title='bbox 1074 2989 1115 3054; x_wconf 81' lang='lat' dir='ltr'><strong>nt</strong></span> <span class='ocrx_word' id='word_1_145' title='bbox 1128 2969 1179 3054; x_wconf 30' lang='lat' dir='ltr'><strong>*sic</strong></span> <span class='ocrx_word' id='word_1_146' title='bbox 1194 2985 1283 3056; x_wconf 86' lang='lat' dir='ltr'><strong>lacta</strong></span> 
     </span>
     <span class='ocr_line' id='line_1_20' title="bbox 165 3085 1284 3182; baseline -0.001 -20"><span class='ocrx_word' id='word_1_147' title='bbox 165 3095 251 3163; x_wconf 90' lang='lat' dir='ltr'><strong>iuter</strong></span> <span class='ocrx_word' id='word_1_148' title='bbox 268 3115 326 3164; x_wconf 86' lang='lat' dir='ltr'><strong>eos</strong></span> <span class='ocrx_word' id='word_1_149' title='bbox 343 3093 580 3182; x_wconf 85' lang='lat' dir='ltr'><strong>composicione</strong></span> <span class='ocrx_word' id='word_1_150' title='bbox 607 3111 718 3161; x_wconf 83' lang='lat' dir='ltr'><strong>coram</strong></span> <span class='ocrx_word' id='word_1_151' title='bbox 742 3103 979 3180; x_wconf 85' lang='lat' dir='ltr'><strong>prememorato</strong></span> <span class='ocrx_word' id='word_1_152' title='bbox 1009 3085 1175 3182; x_wconf 87' lang='lat' dir='ltr'><strong>p&#39;restaldo</strong></span> <span class='ocrx_word' id='word_1_153' title='bbox 1202 3098 1284 3163; x_wconf 87' lang='lat' dir='ltr'><strong>inter</strong></span> 
     </span>
    </p>
   </div>
   <div class='ocr_carea' id='block_1_8' title="bbox 166 3201 1371 3290">
    <p class='ocr_par' dir='ltr' id='par_1_8' title="bbox 166 3201 1371 3290">
     <span class='ocr_line' id='line_1_21' title="bbox 166 3201 1371 3290; baseline -0.002 -22"><span class='ocrx_word' id='word_1_154' title='bbox 166 3203 243 3289; x_wconf 88' lang='lat' dir='ltr'><strong>ipsa</strong></span> <span class='ocrx_word' id='word_1_155' title='bbox 258 3202 323 3270; x_wconf 91' lang='lat' dir='ltr'><strong>duo</strong></span> <span class='ocrx_word' id='word_1_156' title='bbox 338 3201 525 3270; x_wconf 87' lang='lat' dir='ltr'><strong>molendina</strong></span> <span class='ocrx_word' id='word_1_157' title='bbox 540 3202 621 3268; x_wconf 87' lang='lat' dir='ltr'><strong>duas</strong></span> <span class='ocrx_word' id='word_1_158' title='bbox 644 3211 747 3268; x_wconf 83' lang='lat' dir='ltr'><strong>metas</strong></span> <span class='ocrx_word' id='word_1_159' title='bbox 763 3222 865 3269; x_wconf 86' lang='lat' dir='ltr'><strong>novas</strong></span> <span class='ocrx_word' id='word_1_160' title='bbox 881 3203 1079 3290; x_wconf 83' lang='lat' dir='ltr'><strong>assiguando</strong></span> <span class='ocrx_word' id='word_1_161' title='bbox 1095 3205 1184 3271; x_wconf 88' lang='lat' dir='ltr'><strong>litem</strong></span> <span class='ocrx_word' id='word_1_162' title='bbox 1200 3205 1284 3270; x_wconf 90' lang='lat' dir='ltr'><strong>inter</strong></span> <span class='ocrx_word' id='word_1_163' title='bbox 1363 3251 1371 3266; x_wconf 94' lang='lat'>.</span> 
     </span>
    </p>
   </div>
   <div class='ocr_carea' id='block_1_9' title="bbox 167 3310 1283 3812">
    <p class='ocr_par' dir='ltr' id='par_1_9' title="bbox 167 3310 1283 3812">
     <span class='ocr_line' id='line_1_22' title="bbox 167 3310 1283 3396; baseline -0.002 -18"><span class='ocrx_word' id='word_1_164' title='bbox 167 3317 345 3378; x_wconf 81' lang='lat' dir='ltr'><strong>semotam</strong></span> <span class='ocrx_word' id='word_1_165' title='bbox 368 3330 430 3376; x_wconf 90' lang='lat' dir='ltr'><strong>nec</strong></span> <span class='ocrx_word' id='word_1_166' title='bbox 455 3327 552 3395; x_wconf 88' lang='grc'><strong><em>22222</em></strong></span> <span class='ocrx_word' id='word_1_167' title='bbox 571 3310 633 3376; x_wconf 86' lang='grc'><strong><em>1222</em></strong></span> <span class='ocrx_word' id='word_1_168' title='bbox 650 3329 751 3378; x_wconf 82' lang='grc'><strong><em>22222</em></strong></span> <span class='ocrx_word' id='word_1_169' title='bbox 766 3314 1003 3396; x_wconf 84' lang='lat' dir='ltr'><strong>renouandam,</strong></span> <span class='ocrx_word' id='word_1_170' title='bbox 1029 3312 1161 3378; x_wconf 84' lang='lat' dir='ltr'><strong>ulterius</strong></span> <span class='ocrx_word' id='word_1_171' title='bbox 1178 3311 1283 3395; x_wconf 87' lang='lat' dir='ltr'><strong>sopie-</strong></span> 
     </span>
     <span class='ocr_line' id='line_1_23' title="bbox 167 3417 1283 3503; baseline 0 -19"><span class='ocrx_word' id='word_1_172' title='bbox 167 3425 252 3485; x_wconf 88' lang='lat' dir='ltr'><strong>runt.</strong></span> <span class='ocrx_word' id='word_1_173' title='bbox 268 3417 319 3484; x_wconf 83' lang='lat' dir='ltr'><strong>Ne</strong></span> <span class='ocrx_word' id='word_1_174' title='bbox 334 3420 430 3503; x_wconf 86' lang='lat' dir='ltr'><strong>igitur</strong></span> <span class='ocrx_word' id='word_1_175' title='bbox 446 3426 623 3502; x_wconf 92' lang='lat' dir='ltr'><strong>temporum</strong></span> <span class='ocrx_word' id='word_1_176' title='bbox 639 3435 792 3502; x_wconf 88' lang='lat' dir='ltr'><strong>processu</strong></span> <span class='ocrx_word' id='word_1_177' title='bbox 802 3437 900 3503; x_wconf 89' lang='grc'><strong><em>22222</em></strong></span> <span class='ocrx_word' id='word_1_178' title='bbox 915 3419 977 3484; x_wconf 90' lang='lat' dir='ltr'><strong>hac</strong></span> <span class='ocrx_word' id='word_1_179' title='bbox 994 3438 1094 3484; x_wconf 88' lang='lat' dir='ltr'><strong>causa</strong></span> <span class='ocrx_word' id='word_1_180' title='bbox 1108 3417 1149 3484; x_wconf 90' lang='lat' dir='ltr'><strong>lis</strong></span> <span class='ocrx_word' id='word_1_181' title='bbox 1166 3419 1283 3484; x_wconf 90' lang='grc'><strong><em>1222222</em></strong></span> 
     </span>
     <span class='ocr_line' id='line_1_24' title="bbox 167 3523 1282 3614; baseline -0.001 -20"><span class='ocrx_word' id='word_1_182' title='bbox 167 3528 275 3614; x_wconf 90' lang='lat' dir='ltr'><strong>possit</strong></span> <span class='ocrx_word' id='word_1_183' title='bbox 290 3526 419 3610; x_wconf 84' lang='lat' dir='ltr'><strong>exoriri,</strong></span> <span class='ocrx_word' id='word_1_184' title='bbox 436 3526 477 3593; x_wconf 87' lang='lat' dir='ltr'><strong>de</strong></span> <span class='ocrx_word' id='word_1_185' title='bbox 493 3525 659 3607; x_wconf 84' lang='lat' dir='ltr'><strong>vtriusque</strong></span> <span class='ocrx_word' id='word_1_186' title='bbox 676 3523 779 3610; x_wconf 88' lang='lat' dir='ltr'><strong>partis</strong></span> <span class='ocrx_word' id='word_1_187' title='bbox 796 3525 977 3592; x_wconf 85' lang='lat' dir='ltr'><strong>assensuin</strong></span> <span class='ocrx_word' id='word_1_188' title='bbox 987 3525 1173 3591; x_wconf 86' lang='lat' dir='ltr'><strong>memoriam</strong></span> <span class='ocrx_word' id='word_1_189' title='bbox 1189 3526 1282 3594; x_wconf 92' lang='lat' dir='ltr'><strong>huius</strong></span> 
     </span>
     <span class='ocr_line' id='line_1_25' title="bbox 169 3631 1281 3721; baseline -0.001 -21"><span class='ocrx_word' id='word_1_190' title='bbox 169 3637 220 3703; x_wconf 90' lang='lat' dir='ltr'><strong>rei</strong></span> <span class='ocrx_word' id='word_1_191' title='bbox 235 3642 421 3721; x_wconf 85' lang='lat' dir='ltr'><strong>presentem</strong></span> <span class='ocrx_word' id='word_1_192' title='bbox 438 3635 583 3701; x_wconf 84' lang='lat' dir='ltr'><strong>chartam</strong></span> <span class='ocrx_word' id='word_1_193' title='bbox 597 3631 698 3717; x_wconf 84' lang='lat' dir='ltr'><strong>sigilli</strong></span> <span class='ocrx_word' id='word_1_194' title='bbox 717 3633 817 3700; x_wconf 89' lang='lat' dir='ltr'><strong>nostri</strong></span> <span class='ocrx_word' id='word_1_195' title='bbox 842 3633 1052 3720; x_wconf 90' lang='lat' dir='ltr'><strong>impressione</strong></span> <span class='ocrx_word' id='word_1_196' title='bbox 1068 3634 1217 3702; x_wconf 88' lang='lat' dir='ltr'><strong>iussimus</strong></span> <span class='ocrx_word' id='word_1_197' title='bbox 1232 3653 1281 3699; x_wconf 89' lang='lat' dir='ltr'><strong>ro-</strong></span> 
     </span>
     <span class='ocr_line' id='line_1_26' title="bbox 168 3743 300 3812; baseline 0 -2"><span class='ocrx_word' id='word_1_198' title='bbox 168 3743 300 3812; x_wconf 76' lang='grc' dir='ltr'><strong>1222221.Ι</strong></span> 
     </span>
    </p>
   </div>
   <div class='ocr_carea' id='block_1_10' title="bbox 522 3953 951 4030">
    <p class='ocr_par' dir='ltr' id='par_1_10' title="bbox 522 3953 951 4030">
     <span class='ocr_line' id='line_1_27' title="bbox 522 3953 951 4030; baseline -0.005 -18"><span class='ocrx_word' id='word_1_199' title='bbox 522 3953 577 4029; x_wconf 84' lang='lat' dir='ltr'><strong>(An</strong></span> <span class='ocrx_word' id='word_1_200' title='bbox 596 3954 702 4015; x_wconf 84' lang='lat' dir='ltr'><strong>eredeti</strong></span> <span class='ocrx_word' id='word_1_201' title='bbox 721 3953 799 4012; x_wconf 71' lang='lat' dir='ltr'><strong>utan.</strong></span> <span class='ocrx_word' id='word_1_202' title='bbox 818 3955 919 4030; x_wconf 77' lang='lat' dir='ltr'><strong>creet).</strong></span> <span class='ocrx_word' id='word_1_203' title='bbox 949 4017 951 4024; x_wconf 45' lang='grc'>,</span> 
     </span>
    </p>
   </div>
   <div class='ocr_carea' id='block_1_11' title="bbox 609 4239 854 4250">
    <p class='ocr_par' dir='ltr' id='par_1_11' title="bbox 609 4239 854 4250">
     <span class='ocr_line' id='line_1_28' title="bbox 609 4239 854 4250; baseline 0.004 -3"><span class='ocrx_word' id='word_1_204' title='bbox 609 4239 854 4250; x_wconf 75' lang='grc'><strong>--.-.-..</strong></span> 
     </span>
    </p>
   </div>
   <div class='ocr_carea' id='block_1_12' title="bbox 1440 1921 1448 1958">
    <p class='ocr_par' dir='ltr' id='par_1_12' title="bbox 1440 1921 1448 1958">
     <span class='ocr_line' id='line_1_29' title="bbox 1440 1921 1448 1958; baseline 0 0"><span class='ocrx_word' id='word_1_205' title='bbox 1440 1921 1448 1958; x_wconf 87' lang='grc' dir='ltr'><strong><em>Ι</em></strong></span> 
     </span>
    </p>
   </div>
   <div class='ocr_carea' id='block_1_13' title="bbox 0 0 1612 5066">
    <p class='ocr_par' dir='ltr' id='par_1_13' title="bbox 0 0 1612 5066">
     <span class='ocr_line' id='line_1_30' title="bbox 0 0 1612 5066; baseline 0 0"><span class='ocrx_word' id='word_1_206' title='bbox 0 0 1612 5066; x_wconf 95' lang='lat' dir='ltr'><strong> </strong></span> 
     </span>
    </p>
   </div>
  </div>
 </body>
</html>
