3222 5054
669 273 829 384 „dd-l-

711 773 790 838 m.

180 953 241 1020 IX.
258 951 389 1040 Gerpelp
406 955 500 1040 pdpo
524 973 545 1015 a
559 949 792 1040 ponaoabolmi
816 951 1054 1016 czeotcndrtom‘
1076 955 1211 1041 φόως
1234 956 1265 1020 da
1288 977 1310 1018 a

181 1061 351 1146 vomani
366 1061 492 1150 pttcpdk
506 1059 576 1124 tuat
599 1079 621 1122 a
638 1056 774 1146 Somopy
787 1061 908 1147 mepyci
930 1059 1049 1124 daedalo
1063 1060 1198 1148 ttyydbcn
1213 1061 1311 1128 toccu

495 1165 688 1254 cpyozkeddct
703 1167 891 1253 moperdstti.
907 1169 1005 1231 1231.

288 1345 466 1432 Gregorius
490 1342 673 1432 Episcopus
704 1361 817 1439 seruus
842 1363 1010 1413 seruorum
1033 1345 1097 1417 Dei
1120 1347 1250 1416 dilectis
1272 1347 1306 1414 fi-

180 1453 234 1522 liis
250 1503 258 1518 .
274 1503 283 1519 .
302 1453 423 1521 Abbati
439 1457 472 1517 et
487 1451 666 1519 conuentoi
688 1450 801 1520 Sancti
817 1452 950 1519 Martini
966 1452 1009 1519 de
1024 1453 1197 1522 Pannonia
1213 1453 1305 1523 Ordi-

181 1563 232 1629 nis
249 1561 363 1630 Sancti
381 1560 550 1627 Benedicti
574 1559 711 1625 salutem
731 1565 765 1625 et
780 1559 1005 1644 Apostolicam
1030 1561 1305 1631 benedictionem.

158 1715 162 1722 -
180 1671 232 1737 Ea
245 1690 309 1756 qne
324 1667 444 1736 iudicio
460 1667 513 1734 vel
528 1667 705 1736 concordia
720 1667 933 1733 terminantur
948 1667 1042 1736 firma
1056 1669 1178 1736 debent
1194 1679 1227 1737 et
1242 1672 1307 1738 illi-

180 1778 258 1844 bata
280 1776 465 1862 persistere,
484 1782 516 1842 et
531 1795 573 1841 ne
588 1775 622 1842 in
638 1773 784 1842 recidiua
801 1776 1018 1843 contentionis
1043 1780 1231 1864 scrupulum
1254 1798 1305 1845 re·

179 1887 351 1970 labantur,
374 1883 564 1972 Apostolieo
588 1884 739 1950 conuenit
761 1883 907 1970 presidio
928 1886 1128 1953 communiri.
1159 1887 1303 1972 Quapro-

179 1999 268 2079 pter,
286 1993 398 2060 dilecti
419 1993 452 2059 in
468 1991 599 2059 domino
615 1991 692 2078 filii,
717 1993 836 2059 uostris
861 1993 954 2059 iustis
975 1993 1127 2078 precibus
1143 1994 1302 2076 inclinati,

179 2101 446 2187 compositionem
468 2101 554 2166 inter
572 2117 631 2166 uos
656 2120 697 2165 ex
712 2106 807 2187 parte
824 2120 889 2166 una
905 2107 938 2166 et
954 2100 1155 2187 Episcopum
1170 2101 1303 2187 Vespri·

179 2211 338 2278 ariensem
362 2229 403 2275 ex
425 2207 548 2294 altera,
561 2291 564 2298 Ι
577 2227 636 2293 per
660 2207 746 2274 bone
762 2209 918 2276 memorie
934 2209 1158 2276 Innocentium
1178 2209 1301 2294 Papam

177 2317 442 2403 predecessorem
467 2323 611 2382 nostrum
636 2335 734 2402 super
757 2315 953 2399 quibusdam
977 2315 1112 2384 decimis
1140 2318 1174 2383 in
1197 2319 1303 2386 Comi-

178 2435 250 2494 tatn
269 2423 458 2510 simigiensi
474 2422 687 2490 existentibus
717 2422 935 2491 amicabiliter
959 2424 1081 2507 initam,
1108 2423 1302 2493 auctoritate

178 2533 367 2622 Apostolioa
389 2530 616 2600 confirmamus
639 2537 673 2598 et
695 2531 860 2617 presentis
879 2531 994 2618 scripti
1016 2530 1200 2617 patrocinio
1218 2553 1303 2600 eom·
1337 2524 1341 2532 ’

179 2641 348 2709 munimus.
372 2641 464 2707 Nulli
482 2661 561 2728 ergo
580 2641 710 2708 omnino
729 2639 895 2708 hominum
918 2642 1019 2707 liceat
1041 2642 1127 2710 hanc
1145 2643 1302 2728 paginam

179 2759 287 2818 nostre
304 2746 557 2815 confirmationis
572 2748 752 2835 infringere
767 2747 821 2816 uel
837 2747 868 2815 ei
883 2767 965 2815 ausu
984 2747 1158 2817 temerario
1174 2755 1301 2816 eontra-

179 2861 235 2927 ire
260 2858 384 2943 Siquis
400 2863 508 2925 autem
530 2857 593 2925 boo
611 2865 807 2943 attemptare
828 2857 1081 2945 presumpserit,
1105 2857 1301 2946 indignatio

178 2987 251 3035 nem
267 2965 504 3052 omnipotentis
519 2965 602 3051 Dei,
617 2973 651 3032 et
666 2967 841 3037 Beatorum
864 2966 953 3034 Petri
968 2972 1002 3034 et
1016 2965 1112 3034 Pauli
1127 2965 1300 3053 Apostolo-

178 3096 246 3142 rum
265 3077 336 3144 eins
359 3095 397 3143 se
419 3074 547 3142 nouerit
570 3073 785 3143 incursurum.
812 3073 932 3140 Datum
955 3073 1111 3144 Laterani
1126 3073 1215 3142 vul
1232 3071 1300 3138 lral.

177 3183 237 3252 das
252 3183 353 3272 Maji,
369 3179 583 3252 Pontificatus
596 3183 701 3251 nostri
717 3201 804 3251 auno
821 3183 941 3266 quinto.

333 3375 478 3448 (Ertdetie
489 3393 508 3434 a
519 3375 733 3437 sunt-marceni
745 3372 898 3448 idapdtsdg
909 3370 1135 3445 levelttrdban.)
1155 3415 1159 3422 .

612 3677 868 3694 ψ
