3222 5054
793 823 871 889 164.

266 1006 324 1070 ΙΧ.
344 1004 476 1092 Gerpely
494 1009 586 1094 pcipe
614 1003 722 1089 qued
745 1001 967 1088 lcdpldcjdnok
991 1001 1108 1086 haggia
1131 1022 1218 1088 orep,
1244 999 1324 1089 dopy
1348 1001 1389 1068 P.

355 1112 522 1180 oldidltoct
537 1133 559 1174 a
574 1111 665 1199 gyd'n‘
680 1112 863 1200 prdpoatadp
878 1108 1043 1175 ba'rtokdbc
1057 1108 1188 1173 ittarta.
1205 1109 1303 1174 1230.

374 1291 551 1377 Gregorius
567 1290 749 1375 Episcopus
766 1294 826 1356 etc.
842 1289 963 1356 dilecto
975 1285 1042 1354 filio
1052 1285 1170 1371 Egidio
1184 1287 1390 1354 Subdiacono

258 1405 299 1468 =et
314 1399 494 1485 Capeliano
520 1408 630 1467 nostro
656 1401 796 1465 salutem
812 1405 874 1464 etc.
893 1397 1042 1464 Dilectus
1056 1393 1142 1462 filius
1158 1397 1194 1460 P.
1212 1396 1390 1462 Subdiaco-

264 1527 325 1573 nus
341 1513 450 1572 noster
465 1513 613 1590 porrecto
629 1506 724 1572 nobis
739 1505 891 1590 petitorio
908 1504 1110 1580 declaravit,
1136 1503 1221 1586 quod
1244 1523 1317 1570 curn
1333 1522 1390 1568 au-

266 1615 419 1681 ctoritate
434 1621 547 1681 nostra
564 1614 807 1698 Proposituram
820 1613 1033 1680 Gourieusem
1043 1619 1121 1677 tuno
1132 1618 1304 1679 vacantem
1316 1632 1389 1678 con-

174 1729 177 1734 “
264 1723 395 1789 tulisses
422 1722 547 1808 eidem,
574 1731 607 1788 et
630 1721 736 1808 ipsum
761 1723 795 1786 in
820 1723 892 1787 eius
918 1720 1162 1806 possessionem
1190 1717 1327 1788 fecisses
1342 1721 1388 1785 in-

264 1829 338 1896 duci
348 1880 357 1912 ,
375 1879 382 1894 .
400 1879 407 1895 .
426 1879 434 1894 .
466 1831 655 1896 chriensis
673 1829 855 1914 Episcopus
881 1829 1001 1895 dictam
1018 1829 1264 1914 Proposituram
1282 1830 1388 1894 Primo

266 1937 414 2020 cuidam,
440 1946 473 2006 et
496 1937 705 2022 postmodum
721 1939 932 2003 renunciante
948 1937 1004 2001 illo
1015 1986 1024 2021 ,
1050 1935 1161 2023 nepoti
1187 1957 1245 2002 suo
1262 1956 1388 2004 excom-

264 2048 427 2112 municato
444 2046 484 2112 de
502 2047 605 2130 facto,
623 2065 694 2112 cunr
711 2045 753 2110 de
769 2044 837 2110 iure
852 2065 917 2110 non
932 2051 1063 2130 posset,
1090 2047 1388 2112 excommunicatus

264 2155 412 2223 conferre
435 2154 650 2238 presumpsit,
675 2153 732 2235 qui
754 2171 852 2236 super
868 2151 929 2218 hoc
946 2158 980 2216 et
995 2151 1081 2216 alias
1097 2157 1228 2236 recepto
1245 2175 1265 2218 a
1284 2159 1317 2217 te
1331 2171 1387 2217 au-

265 2261 415 2330 ctoritate
431 2263 611 2326 litterarum
627 2266 812 2327 nostrarum
829 2259 994 2324 citationis
1011 2258 1136 2343 edicto,
1161 2279 1219 2344 pcr
1235 2259 1387 2326 laicalem

264 2368 507 2454 impressionem
523 2367 566 2434 ab
582 2369 885 2452 repromissionem
909 2368 1065 2452 extorsit,
1092 2367 1178 2450 qnod
1201 2365 1387 2452 hujusmodi

159 2549 168 2558 ,
264 2494 398 2542 eausam
413 2477 566 2560 prosequi
582 2475 623 2541 dc
642 2483 749 2542 cetero
765 2494 830 2540 non
846 2475 991 2542 debetur.
1025 2475 1171 2558 Cumque
1188 2523 1195 2539 .
1213 2525 1221 2542 .
1239 2525 1247 2540 .
1263 2475 1387 2540 Abbati

264 2581 305 2650 de
320 2587 431 2653 Beoon
457 2591 489 2651 et
504 2587 572 2651 suis
598 2585 734 2670 collegis
760 2587 820 2652 sub
845 2591 936 2649 certa
951 2583 1056 2650 forma
1071 2583 1247 2649 direximus
1265 2583 1388 2667 scripta

263 2697 396 2776 nostra,
422 2692 541 2768 iidem,
568 2693 644 2775 qnia
661 2693 702 2760 de
718 2690 817 2778 priori
835 2695 993 2778 rescripto
1009 2699 1043 2758 et
1059 2710 1216 2777 processu
1232 2709 1290 2775 per
1305 2687 1387 2756 illud

264 2797 377 2866 habito
393 2801 588 2866 mentionem
613 2821 679 2866 non
705 2801 869 2883 fecerant,
896 2809 929 2866 et
955 2801 1135 2886 Episcopus
1151 2799 1222 2884 ipse
1238 2798 1281 2866 ad
1297 2797 1387 2864 mali·

263 2909 348 2972 ticsa
364 2907 501 2992 diffugia
518 2927 555 2972 se
571 2909 749 2992 convertit,
774 2908 910 2974 ulterius
935 2909 968 2973 in
992 2909 1122 2992 negotio
1139 2907 1316 2992 procedere
1330 2905 1385 2970 ob·

264 3019 432 3080 miserunt:
452 3016 565 3099 sicque
583 3023 779 3082 memoratus
796 3015 1024 3084 Subdiaconus
1040 3023 1089 3084 est
1105 3017 1265 3082 hactenus
1281 3012 1386 3100 gratie

263 3129 376 3189 nostre
392 3121 566 3189 frustratus
587 3123 711 3207 effectu,
727 3133 860 3208 propter
874 3125 935 3190 hoc
952 3130 1107 3190 exaustus
1124 3123 1277 3208 expensis
1294 3128 1326 3187 et
1341 3121 1385 3186 la-

156 3251 163 3262 ·
262 3230 394 3298 boribus
410 3231 587 3317 fatigatus3
614 3251 714 3314 quare
738 3231 903 3297 humiliter
918 3232 1134 3317 supplicavit,
1160 3237 1194 3296 ut
1211 3251 1283 3296 cum
1298 3229 1385 3294 dicto

262 3337 426 3424 Episcopo
443 3340 605 3405 malitiose
620 3345 733 3405 contra
749 3339 856 3424 ipsum
873 3347 1013 3423 agente,
1029 3345 1164 3424 cogatur
1179 3346 1315 3424 propter
1331 3356 1385 3403 ex·

261 3464 438 3530 pensarum
455 3445 617 3514 delectum
634 3448 799 3531 negotium
816 3447 972 3513 deserere
988 3447 1221 3532 imperfectum,
1241 3444 1328 3530 quod
1344 3445 1385 3510 de

261 3569 351 3618 mera
366 3555 472 3639 gratia
489 3555 687 3640 incepimus,
713 3555 795 3622 illud
808 3575 901 3640 erga
917 3575 989 3622 eum
1004 3552 1257 3620 misericorditer
1272 3551 1385 3638 profici

261 3660 500 3728 mandaremus.
531 3664 602 3729 Nos
628 3669 737 3728 autem
761 3665 910 3730 volentes
927 3682 1001 3728 eum
1017 3663 1156 3730 fructum
1173 3663 1326 3744 consequi
1343 3661 1384 3726 de

260 3768 369 3852 gratia
385 3778 498 3837 nostra
513 3777 700 3856 speratum,
718 3771 769 3837 'ad
793 3778 825 3838 ta
835 3823 844 3858 ‚
870 3772 925 3854 qui
941 3771 1040 3838 totius
1059 3771 1136 3837 facti
1153 3777 1247 3857 potes
1262 3769 1385 3836 habere

260 3877 414 3943 noticiam
429 3877 628 3964 pleniorem,
646 3879 796 3946 duximus
813 3881 978 3962 negotium
995 3877 1246 3964 remittendum,
1263 3879 1384 3944 discre-

260 3985 339 4050 tioni
355 3992 408 4054 tue
424 4007 483 4071 per
498 3987 690 4073 Apostolica
705 3989 827 4074 scripta
842 3989 1052 4073 precipiendo
1067 3987 1282 4071 mandantes,
1300 4005 1383 4071 qua-

260 4099 352 4160 tenus
369 4102 446 4161 ante
462 4097 573 4164 omnia
588 4098 622 4162 in
638 4103 757 4163 statum
775 4097 947 4183 pristinum
962 4097 1098 4183 provide
1115 4117 1285 4181 revocans,
1296 4098 1383 4180 quic-

260 4199 337 4280 quid
353 4208 427 4285 post
443 4205 651 4272 collationem
666 4225 687 4270 a
705 4213 738 4270 te
754 4206 878 4272 facturn
893 4205 935 4270 ds
950 4204 1159 4291 Propositura
1174 4205 1322 4290 predicta
1337 4203 1383 4268 in·

260 4311 388 4374 veneris
405 4311 438 4376 in
453 4310 558 4397 ipsius
574 4311 773 4380 Subdiaconi
798 4313 1010 4400 preludicium
1036 4319 1283 4400 attemptatum,
1308 4331 1381 4396 pro·

260 4414 415 4482 missione
439 4439 504 4484 non
530 4423 682 4488 obstante
706 4421 872 4515 predicta,
904 4423 1034 4488 sublato
1059 4441 1187 4505 quoque
1212 4421 1384 4487 cuiuslibet

261 4523 526 4588 contradictionis
544 4535 576 4591 et
590 4529 821 4610 appellationis
838 4527 1025 4612 obstaculo,
1053 4547 1124 4593 eum
1149 4531 1261 4610 quieta
1276 4529 1382 4594 facias

261 4623 404 4690 eiusdem
421 4629 626 4710 Prepositure
651 4653 722 4700 cum
748 4633 907 4702 fructibus
930 4633 1038 4702 medio
1055 4643 1201 4722 tempore
1217 4637 1381 4722 perceptis
