3222 5054
777 751 855 818 tuo.

265 930 382 1020 Epyed,
389 932 494 1018 pdpoi
502 930 658 996 liuuuuu
673 929 917 996 birduokitdlete
931 953 953 995 u
962 929 1193 1016 puonoudalmi
1200 954 1241 996 az.
1252 933 1388 998 mortuui
1429 1025 1431 1030 Α

359 1041 494 1127 updtuip
510 1041 541 1103 ds
556 1061 576 1102 a
593 1039 762 1125 veazprdmi
775 1038 932 1124 ledpluiuu
946 1039 1169 1124 boniportus.
1187 1040 1286 1104 1230.

369 1217 408 1282 In
425 1215 546 1284 Christi
562 1217 691 1284 nomine
706 1219 821 1284 Amen.
842 1219 1080 1304 superuadere,
1097 1217 1260 1302 quainter
1277 1219 1387 1286 Abba-

265 1335 331 1393 tem
346 1331 380 1391 et
395 1323 595 1392 conuentum
613 1325 727 1392 Sunuti
742 1324 875 1392 Martini
890 1323 931 1390 do
947 1325 1119 1393 Pannonia
1135 1345 1176 1392 ex
1192 1341 1258 1392 una
1281 1335 1387 1412 parte,

266 1439 301 1501 et
315 1432 519 1518 Propositum
544 1439 578 1498 et
602 1431 787 1518 Capitulum
802 1432 1047 1516 vesprimiense
1064 1453 1105 1499 ex
1121 1433 1226 1499 altera
1242 1433 1389 1516 uertitur,

266 1543 338 1609 Nos
354 1539 491 1626 Egidius
507 1539 632 1606 domini
647 1540 738 1624 Pspe
748 1539 986 1626 Subdiaeonns‚
1004 1545 1036 1606 et
1046 1540 1247 1625 Capelianus
1262 1540 1390 1608 litteras

268 1655 302 1716 et
316 1645 504 1716 mandatum
520 1646 643 1715 domini
658 1649 747 1734 Papo
763 1647 945 1733 reeepimus
960 1647 994 1714 in
1010 1647 1094 1714 hune
1110 1646 1260 1714 modum:

376 1755 552 1840 Gregorius
568 1756 750 1842 Episcopus
766 1756 829 1822 stb.
844 1750 941 1841 (mint
956 1755 1075 1822 lenebb
1094 1755 1167 1825 148.
1183 1775 1228 1822 oz.
1246 1753 1293 1842 a.)

378 1863 523 1948 cumque
539 1864 738 1930 auctoritate
754 1862 833 1930 dieti
848 1862 996 1930 mandati
1019 1865 1171 1949 partibus
1186 1863 1231 1930 ad
1246 1870 1391 1930 nostram

270 1972 471 2059 presentiam
488 1972 696 2056 conuocatis,
713 1971 826 2039 Abbas
843 1978 877 2038 et
893 1971 1081 2039 Conuentns
1096 1969 1279 2058 supradicti
1295 1970 1394 2037 talem

272 2080 478 2165 porrexerint
492 2079 658 2148 libellum:

379 2189 450 2256 Nos
474 2187 589 2256 Abbas
614 2195 647 2254 et
671 2188 859 2255 conuentus
884 2189 998 2255 Sancti
1021 2189 1154 2255 Martini
1169 2185 1397 2276 speeilioamus

276 2296 509 2381 vesprimiensi
525 2295 675 2380 Capitulo
694 2297 788 2364 salvo
813 2297 882 2364 inre
905 2297 1107 2381 corrigendi,
1133 2297 1276 2384 augendi
1292 2303 1326 2364 et
1340 2297 1397 2363 mi-

274 2405 397 2472 nuendi
421 2403 567 2471 libellum
591 2423 690 2490 super
714 2405 907 2488 quibusdum
932 2405 1069 2474 decimis
1086 2407 1290 2490 quarundam
1306 2405 1398 2472 villa-

276 2533 345 2580 rum
361 2511 571 2597 integrarum,
587 2513 790 2597 quarundam
806 2515 1059 2600 particularium,
1082 2533 1166 2601 qnos
1181 2515 1327 2581 deeimas
1343 2533 1399 2579 no·

276 2623 330 2689 bis
353 2619 482 2688 debitas
507 2622 666 2688 violenter
688 2615 821 2708 diripuit
847 2625 977 2689 nomino
994 2623 1144 2689 Eeulosie
1160 2621 1274 2689 Seneti
1288 2619 1400 2712 lipoli-

279 2729 388 2815 naris,
412 2730 565 2813 quesita
590 2735 642 2798 est
665 2731 757 2798 iuxta
781 2729 1013 2800 monasterinm
1028 2731 1237 2818 Symigiense
1262 2731 1294 2796 in
1320 2729 1401 2796 villa

280 2857 421 2924 magna,
448 2845 481 2904 et
507 2837 607 2906 babet
631 2839 850 2926 parochianos
866 2857 943 2908 suos
959 2858 1017 2924 pro
1034 2859 1091 2924 se;
1118 2838 1177 2906 sed
1193 2840 1256 2924 ipsi
1271 2835 1403 2922 Vespri·

282 2947 424 3014 mienses
441 2947 598 3015 Ganonioi
614 2969 635 3016 a
649 2947 736 3016 villis
752 2948 1057 3034 parrochianalibus
1083 2947 1221 3012 aliarum
1240 2943 1402 3012 Euelesia·

280 3075 351 3122 rnm
368 3053 519 3122 auferunt
534 3055 679 3124 decimas
696 3057 790 3124 nobis
807 3057 938 3124 debitas
948 3105 957 3142 ,
983 3055 1111 3124 scilieet
1138 3055 1292 3120 uillarum
1309 3050 1403 3134 (iero,

282 3161 380 3230 llaolr
389 3215 399 3250 ,
415 3163 502 3250 Sag,
517 3165 642 3249 Boron,
661 3165 799 3250 Almad,
817 3155 952 3234 Wosian
961 3213 971 3248 ,
989 3163 1143 3247 Gorthon,
1160 3161 1282 3246 Falsoi,
1298 3158 1404 3244 Bard;

283 3289 347 3358 que
362 3270 447 3337 dioto
463 3273 540 3338 ville
557 3273 724 3341 Euolesias
739 3273 1008 3360 psmoehianales
1033 3293 1092 3358 pro
1116 3289 1153 3338 se
1168 3269 1302 3336 hebent.
1329 3267 1406 3333 Pre-

284 3391 375 3451 terea
398 3380 544 3449 deeimas
568 3383 719 3449 villarum
745 3383 848 3468 Obegl
873 3389 906 3448 et
921 3380 1046 3448 Amaeh
1063 3375 1248 3445 disturbare
1264 3377 1305 3443 de
1321 3391 1405 3440 nouo

285 3505 450 3582 oeperunt,
467 3493 545 3578 quia
560 3491 648 3560 diote
664 3491 742 3559 villo
758 3491 888 3577 longius
905 3496 980 3558 sunt
996 3507 1093 3572 qnam
1110 3486 1199 3553 dieta
1215 3503 1292 3569 una,
1309 3488 1343 3550 et
1358 3500 1407 3548 eo

285 3601 406 3671 elesius
419 3621 478 3688 pro
494 3621 531 3668 se
546 3601 688 3684 habent,
713 3605 747 3666 et
768 3607 919 3686 respeotu
934 3597 1147 3666 eeclesiarum
1163 3593 1293 3660 illarum
1308 3590 1408 3657 etiam

210 3691 213 3695 ¹
286 3711 435 3778 desimus
450 3709 615 3777 uenalium
639 3729 662 3775 a
686 3707 815 3775 Solauis
838 3706 1067 3794 prouenientes
1083 3702 1179 3770 nobis
1194 3699 1325 3769 debitas
1340 3703 1374 3764 et
1388 3717 1409 3764 a

285 3819 382 3886 nobis
396 3819 548 3902 receptas
564 3833 585 3880 a
601 3816 663 3882 vn
678 3816 775 3882 annis
790 3821 878 3881 retro
887 3862 897 3898 ,
921 3815 1000 3898 quia
1024 3811 1074 3880 illi
1090 3810 1202 3878 Solari
1217 3828 1282 3875 non
1297 3807 1408 3892 plures

287 3927 412 3994 habent
426 3943 530 3992 annos
546 3943 644 4010 quam
658 3921 772 4010 VIIII,
799 3942 840 3990 ex
866 3941 928 4006 quo
953 3921 1122 3988 destruere
1138 3923 1171 3984 et
1187 3917 1295 3982 oolere
1314 3933 1410 3999 espo-

288 4041 363 4101 runt
379 4033 482 4102 silvas
498 4031 539 4100 de
556 4031 662 4114 Selia,
688 4049 752 4115 que
771 4031 854 4098 silve
873 4047 1038 4115 sempera
1055 4034 1202 4110 temporo
1219 4021 1335 4092 Sanoti
1349 4021 1409 4088 Ro·

288 4143 340 4228 gis
355 4139 396 4208 de
412 4141 532 4227 apibus
546 4145 581 4206 ot
596 4139 706 4227 porois
721 4145 754 4206 et
769 4137 844 4204 aliis
861 4135 1057 4205 animalibus
1072 4133 1166 4202 nobis
1176 4130 1412 4218 persolvebant

287 4249 442 4316 decimas.
460 4248 616 4317 Similiter
631 4247 807 4334 repetimus
823 4247 960 4314 devilia
975 4241 1155 4326 Oborneuh,
1179 4257 1242 4324 que
1254 4238 1346 4306 ouria
1361 4255 1409 4304 ro·

288 4357 375 4444 galis
390 4353 471 4444 init,
487 4355 547 4427 ssd
562 4357 658 4424 modo
674 4359 796 4426 donata
813 4359 867 4422 ost
881 4353 1063 4436 nobilibus,
1079 4355 1113 4418 et
1129 4349 1242 4416 doeem
1258 4345 1410 4413 villarum

221 4533 226 4541 ,
287 4465 519 4552 pertinentium
534 4462 578 4532 ad
593 4464 733 4532 eandem
748 4463 882 4544 eunom,
900 4467 933 4528 et
948 4462 1069 4528 uiroum
1084 4452 1314 4538 adiuuantium,
1332 4469 1409 4537 qua

288 4591 359 4648 rum
372 4569 525 4638 villarum
540 4572 672 4638 nomins
687 4577 761 4638 sunt
776 4570 855 4636 heo:
883 4571 920 4636 In
945 4567 1024 4634 villa
1041 4561 1158 4632 illorsd
1173 4561 1301 4629 XXVII
1317 4575 1407 4626 man·
