3222 5054
683 342 841 454 jd]-

197 549 333 630 slarent,
349 548 383 611 et
398 542 508 610 onnia
522 540 647 626 scripta
663 543 696 607 et
711 539 926 610 insuumenta
941 541 986 610 ad
999 542 1108 616 motas
1118 563 1324 634 causmper-

196 652 335 722 tinentia
360 651 393 717 in
417 649 539 718 nostris
563 646 716 716 manibus
730 649 996 736 resignarentur,
1020 657 1055 719 et
1078 652 1108 722 si
1132 671 1198 738 qua
1220 655 1326 722 eciam

197 778 390 848 quoeunque
404 757 500 826 modo
518 759 706 842 retinerent,
723 759 777 824 uel
793 757 928 827 muenta
942 767 1075 845 essent,
1093 781 1154 848 pro
1169 761 1276 830 cassis
1292 768 1326 828 et
1409 751 1413 756 ’

198 871 368 942 inutilibus
393 868 610 952 haberentur,
627 871 669 933 et
691 871 759 934 tam
784 867 898 944 Abbas
923 869 1326 938 cumduobusmonacbis

199 982 268 1052 suis
284 981 318 1048 in
335 978 446 1046 anima
461 974 604 1045 omnium
619 974 850 1042 monachorum
867 994 1006 1062 suorum,
1024 999 1123 1063 quam
1134 977 1326 1066 Prepesitus

199 1111 271 1161 cnm
286 1086 413 1154 duobus
428 1083 595 1151 canonicis
611 1084 681 1150 suis
695 1084 729 1150 in
744 1083 860 1152 anima
874 1085 1017 1153 omnium
1032 1088 1263 1155 canonicorum
1271 1085 1326 1154 Al·

198 1198 346 1267 bensium
362 1193 581 1280 promiserunt
596 1211 774 1278 procurare
801 1199 834 1259 et
860 1191 1035 1261 obseruare
1051 1195 1161 1262 omnia
1176 1193 1326 1280 supradi-

200 1315 252 1376 cta
269 1301 408 1391 prestito
425 1299 639 1388 corporaliter
654 1299 844 1366 iuramento.
863 1301 956 1388 ‚Cum
972 1303 1070 1388 igitur
1084 1303 1247 1371 Albenses
1262 1303 1326 1391 pri·

199 1414 371 1500 uilegiurn,
395 1415 431 1476 ut
448 1415 657 1492 conuenerat,
673 1409 907 1494 impetrassent
915 1460 924 1494 ,
944 1417 978 1488 et
993 1429 1053 1496 per
1068 1411 1255 1480 Samuelem
1270 1411 1327 1478 ho·

199 1526 320 1592 minem
337 1519 440 1604 Regis
454 1525 531 1584 tuno
541 1517 738 1584 ‘salinarium
754 1537 814 1603 pro
831 1518 928 1584 dictis
945 1517 1071 1586 salibus
1087 1519 1327 1606 quinquaginta

199 1631 319 1698 marcis
347 1626 463 1696 solutis
479 1628 512 1692 in
527 1631 640 1696 nostre
655 1626 824 1712 praecutit
840 1627 1005 1694 Abbatem
1020 1629 1133 1696 Sancti
1146 1627 1279 1695 Martini
1293 1629 1328 1694 in

199 1738 442 1829 pussessionem
456 1733 568 1800 induci
583 1733 740 1801 iecissent
748 1783 757 1818 ,
785 1733 827 1801 de
853 1734 1021 1804 uoluntate
1040 1735 1328 1822 utriusquepartis

200 1851 249 1922 ita
279 1845 472 1926 statuimus,
505 1849 541 1908 et
564 1862 625 1929 per
648 1843 884 1924 iuramentum,
913 1845 1000 1927 quod
1011 1895 1021 1931 ,
1047 1845 1133 1914 sicut
1148 1843 1328 1931 predictum

202 1963 262 2038 est,
279 1952 509 2041 prestiterunt,
525 1953 656 2035 utrique
671 1951 759 2040 parti
774 1951 1003 2021 mandarimus
1018 1955 1215 2038 obseruare,
1242 1949 1329 2038 quod

200 2064 313 2132 Abbas
330 2067 364 2128 el
379 2060 568 2128 Gonuentus
583 2060 695 2128 Sancti
711 2061 843 2128 Martini
861 2067 893 2126 et
909 2080 1021 2132 eorum
1036 2079 1246 2131 successores
1262 2079 1332 2128 non

202 2169 368 2238 habebunt
383 2192 403 2236 a
419 2155 515 2235 modo
531 2187 696 2235 recursum
712 2168 756 2235 ad
770 2168 953 2238 Ecclesiam
960 2169 1143 2245 Albensem
1159 2184 1225 2258 prt'
1236 2189 1329 2256 sepe·

202 2277 299 2345 dictis
315 2275 460 2360 decimis,
484 2295 546 2342 nec
561 2277 603 2344 ab
620 2279 695 2364 ipsa
710 2277 883 2345 occasione
899 2278 1059 2346 dictarum
1075 2280 1272 2346 decimarum
1288 2277 1330 2345 ds

203 2393 312 2454 cetero
329 2383 454 2468 aliquid
480 2393 611 2470 petent,
637 2386 696 2453 sed
712 2403 779 2469 pax
795 2389 857 2453 erit
873 2405 970 2473 super
985 2387 1048 2454 hoc
1064 2383 1152 2456 facio
1167 2393 1331 2474 perpetua

202 2495 286 2562 inter
302 2495 403 2580 ipsos.
428 2495 511 2570 Item
526 2493 717 2578 statuimus,
735 2490 820 2579 quod
836 2513 949 2562 omnes
965 2494 1193 2582 possessiones
1207 2494 1331 2564 Alben-

203 2603 250 2670 sis
266 2600 415 2668 Ecclesie
424 2649 433 2684 ,
458 2601 647 2668 clericorum
665 2609 698 2670 et
712 2604 905 2688 populorum
922 2603 991 2670 eins
1007 2603 1042 2671 in
1058 2604 1222 2674 Comitatu
1238 2601 1331 2672 Simi-

203 2709 310 2795 gieusi
324 2727 428 2792 usque
438 2708 480 2776 ad
490 2716 638 2795 tempora
653 2709 818 2796 priuilegii
835 2729 934 2796 super
947 2713 1011 2779 hoc
1026 2714 1176 2798 obtenpti
1191 2712 1331 2780 existen-

204 2827 254 2886 tes
270 2825 304 2885 et
320 2818 354 2883 in
368 2815 540 2903 priuilegio
557 2814 718 2905 A(ndree)
734 2819 877 2886 Illustris
892 2819 994 2908 Regis
1006 2821 1151 2906 Vngarie
1167 2825 1333 2904 auncute,

204 2948 226 2993 a
240 2928 401 2995 solutione
417 2925 614 2994 decimarum
630 2933 789 3014 perpetuo
806 2928 870 2994 sint
886 2929 1055 2997 immunes.
1088 2929 1124 2997 Si
1150 2946 1233 3013 quas
1252 2947 1332 2996 uero

205 3035 382 3104 decimales
406 3033 448 3100 de
474 3044 581 3103 cetero
598 3035 761 3104 Albenses
776 3038 832 3104 uel
847 3036 989 3124 ipsorum
1005 3037 1120 3125 populi
1136 3037 1170 3104 in
1183 3035 1333 3123 predicto

205 3145 366 3214 munitatu
389 3161 580 3228 quocunque
596 3143 691 3214 modo
716 3146 969 3231 acquisiuerint,
994 3144 1193 3214 Mouasterio
1218 3144 1333 3212 Sancti

205 3252 337 3319 Martini
352 3237 498 3320 decimas
513 3253 548 3318 in
562 3253 889 3340 posterum-soluant,
902 3260 938 3319 ut
953 3254 987 3320 in
1001 3253 1148 3340 preIIcto
1159 3252 1334 3340 priuilegio

206 3357 406 3425 llonasterio
423 3357 538 3428 Sancti
553 3362 685 3429 Martini
708 3384 730 3430 a
754 3363 845 3446 Rege
873 3379 1030 3432 concesso
1046 3361 1175 3449 plenius
1191 3359 1334 3428 contiue-

206 3472 275 3552 lnr,
293 3466 389 3551 {quod
403 3467 437 3533 in
453 3467 601 3537 omnibus
617 3471 816 3556 precipimus
833 3469 1013 3536 obseruari.
1044 3469 1126 3540 Item
1150 3467 1334 3552 statuimus,

207 3573 295 3658 quod
310 3576 472 3643 Albenses
498 3596 563 3644 non
578 3577 760 3664 impediant
773 3577 937 3645 Abbatem
953 3583 987 3645 et
1004 3575 1205 3645 conuentum
1222 3576 1337 3645 Sancti

207 3682 359 3769 Martini,
374 3703 437 3752 neo
452 3685 579 3754 iaciant
587 3737 597 3772 ,
623 3706 685 3755 nec
699 3685 890 3774 permittant
905 3705 964 3773 pro
980 3704 1080 3774 posse
1096 3701 1157 3752 suo
1172 3683 1335 3770 impediri,
1374 3723 1376 3730 ·

208 3794 381 3877 quominus
397 3794 634 3863 Monasterium
650 3795 764 3862 Sancti
780 3793 912 3862 Martini
930 3815 1029 3862 mum
1044 3793 1192 3862 timinam
1216 3790 1336 3862 salium

208 3902 416 3989 regaliumin
432 3903 588 3990 Posonio,
605 3905 693 3972 sicut
708 3903 742 3970 in
757 3903 896 3971 Albensi
911 3902 1085 3991 priuilegio
1101 3903 1243 3970 uidimus
1259 3921 1334 3969 cou-

208 4011 305 4079 tineri
314 4059 324 4096 ,
349 4011 430 4078 etin
446 4012 621 4098 priuilegio
635 4033 695 4100 pro
712 4013 913 4080 Monasterio
930 4011 1044 4081 Sancti
1059 4010 1192 4079 Martini
1207 4030 1229 4076 a
1244 4011 1335 4093 aege

208 4139 311 4209 nuper
327 4118 460 4188 obtento
477 4121 677 4208 exprimitur,
694 4121 855 4208 percipiat
871 4122 1049 4189 aunuatim.
1061 4120 1143 4187 Item
1154 4117 1337 4202 statuimus,

209 4227 294 4314 quod
310 4227 422 4294 uinum
439 4227 600 4312 Propositi
617 4237 650 4296 et
665 4230 896 4298 canonicorum
913 4235 946 4295 et
963 4225 1200 4296 communitatis
1216 4224 1336 4292 Alben-

210 4336 432 4420 clancularia,
449 4342 481 4402 et
498 4337 611 4404 Sancti
626 4338 767 4424 Nycolai
784 4337 984 4420 clericorum,
1006 4343 1039 4402 et
1053 4335 1248 4420 populorum
1264 4353 1337 4420 pre·

212 4446 373 4514 dictarum
399 4444 640 4530 Ecclesiarum,
667 4465 739 4512 oum
764 4446 875 4531 sigillo
901 4444 1129 4510 canonicorum
1144 4439 1337 4508 Albensium

211 4555 252 4621 ab
269 4576 333 4621 uno
351 4575 394 4621 eu
410 4555 575 4622 canonicis
591 4553 679 4639 dato,
697 4547 730 4622 et
745 4553 871 4632 iurato,
889 4550 976 4636 quod
991 4549 1138 4617 fraudem
1154 4568 1220 4615 non
1236 4547 1338 4614 iaciat

211 4663 333 4731 Abbati
350 4663 465 4732 Sancti
480 4662 613 4731 llartini
637 4661 680 4734 de
706 4663 772 4730 alio
788 4663 862 4730 uino
879 4658 1102 4752 exportando,
1127 4665 1161 4726 et
1185 4661 1337 4748 presente
