3198 5058
819 259 887 330 3³0

779 363 933 374 *-

289 459 438 542 ordinat,
455 459 623 529 educatur.
637 461 754 528 Vinum
769 477 848 526 nero
866 459 1046 546 emptitium
1061 458 1169 528 nullus
1185 460 1416 529 canonicorum

289 569 341 634 nol
356 569 549 656 populorum
564 568 721 636 Albensis
738 569 887 636 Ecclesic
904 568 1033 654 educat,
1049 569 1113 638 uisi
1130 567 1251 635 homiui
1263 569 1416 655 Abbatis,

287 677 316 745 si
331 693 468 763 presens
485 675 581 746 buerit
606 683 638 743 et
664 675 712 743 irc
728 676 884 761 uoluerit,
906 695 1021 744 uerum
1036 675 1240 743 uenditorem
1255 675 1416 764 assignet.

180 833 181 836 ,
250 781 254 788 '
290 786 326 854 si
340 803 419 852 uero
436 783 532 852 bomo
549 784 690 852 Abbatis
706 784 828 851 absens
844 781 963 868 inerit,
981 783 1035 850 nel
1050 802 1187 869 presens
1203 783 1251 852 irc
1266 787 1417 870 noluerit,

289 896 460 980 assignato
485 891 655 962 uenditore
680 891 841 960 sacerdoti
866 893 931 960 loci
947 892 982 958 in
998 891 1166 976 presentia
1180 893 1277 960 trium
1294 893 1335 962 de
1350 915 1417 962 me-

287 1003 424 1070 lioribus
450 1001 636 1069 homiuibus
652 999 771 1068 ibidem
788 998 1073 1079 cohabitantibus,
1102 1005 1228 1087 emptor
1243 1001 1346 1068 libere
1365 1020 1417 1070 oe-

290 1113 356 1180 dat.
383 1110 434 1176 Ab
451 1109 527 1176 eliis
542 1112 648 1176 autern
657 1157 667 1193 ‚
694 1126 756 1192 que
773 1107 977 1175 continentur
991 1106 1025 1172 iu
1041 1107 1252 1194 petitionibus
1269 1109 1416 1196 supradi-

289 1221 351 1288 ctis
367 1217 411 1286 ab
427 1223 563 1298 utraque
578 1221 673 1302 parte
695 1215 894 1302 propositis,
918 1219 1046 1302 partem
1061 1220 1254 1302 utramque,
1278 1218 1417 1284 altorem

291 1328 334 1396 ab
350 1329 457 1394 altera
473 1323 674 1394 absoluimus
689 1321 828 1408 pcr.boc
843 1328 989 1390 nostrum
1004 1321 1174 1390 arbitrium
1190 1342 1248 1390 sen
1268 1324 1413 1392 laudum.

290 1434 361 1514 Que
380 1436 490 1504 omnia
505 1439 539 1502 et
554 1432 684 1520 singula
709 1434 908 1520 precipimus
934 1432 977 1500 ab
1003 1437 1144 1517 utraque
1167 1437 1263 1520 parte
1288 1431 1360 1500 fieri
1384 1439 1418 1501 st

290 1543 435 1628 seruari,
452 1549 484 1609 et
498 1560 563 1608 uon
579 1540 798 1610 contraueniri
807 1591 817 1628 ,
841 1540 902 1608 snb
918 1560 1006 1628 pena
1022 1547 1152 1609 centum
1166 1559 1351 1608 marcarum
1367 1561 1417 1608 ar·

291 1654 382 1741 genti
398 1652 430 1717 in
445 1649 583 1736 singulis
600 1649 776 1716 commisse
800 1647 972 1735 capitulis,
999 1666 1064 1734 qua
1088 1649 1196 1716 solnta
1220 1649 1308 1736 parti
1331 1650 1418 1718 arbi-

290 1763 384 1828 trium
409 1757 597 1826 obsoruanti
623 1756 682 1824 boc
705 1762 852 1832 nostrum
867 1755 1037 1823 arbitrium
1052 1754 1238 1822 amicabilis
1254 1757 1414 1842 composi·

290 1869 388 1938 tionis
404 1887 463 1934 son
478 1865 613 1934 laudum
639 1866 673 1932 in
698 1865 846 1932 omnibus
871 1870 905 1930 et
928 1883 987 1950 per
1007 1863 1117 1930 omnia
1131 1869 1291 1950 perpetuo
1306 1865 1340 1931 iu
1356 1881 1418 1930 sua

291 1984 447 2047 maneant
461 1975 623 2042 firmitate.
648 1975 766 2041 Actum
781 1981 834 2042 est
848 1973 921 2060 boc,
937 1973 1096 2042 uidelicet
1110 1975 1352 2059 promulgatum
1366 1977 1418 2040 ost

290 2086 354 2153 boc
378 2085 544 2154 arbitrium
570 2079 603 2148 in
629 2081 792 2169 Suprunio
815 2088 967 2167 presente
992 2081 1124 2150 domino
1141 2080 1285 2148 Roberto
1302 2079 1415 2150 Archi·

291 2196 447 2280 episcopo
473 2190 707 2276 strigoniensi,
734 2189 864 2258 domiuo
889 2187 1041 2258 Jobanue
1060 2189 1226 2275 Episcopo
1242 2188 1416 2270 Bosusnsi‚

234 2319 239 2326 ·
291 2298 476 2368 Rombuldo
492 2297 651 2382 Magistro
668 2297 851 2382 Hospitalis
868 2297 982 2366 Sancti
992 2293 1419 2366 Jobanuichrosolimitani

291 2407 435 2494 Vngaris
446 2412 477 2472 ct
489 2405 673 2490 Sclauouic,
685 2403 843 2490 Magistro
854 2403 1415 2496 ZoenLcctoroBatiensi‚biagistro

145 2517 252 2594 *t*
292 2500 466 2602 Raynaldo
483 2511 724 2579 Archidiacouo
741 2509 1050 2600 Pacensi(1gy),ct
1064 2513 1214 2600 pluribus
1230 2509 1306 2578 aliis
1324 2510 1415 2578 cieri-

292 2627 359 2705 cis,
386 2629 419 2688 et
441 2619 652 2703 magnatibus
668 2619 821 2704 Vugarie.
853 2621 891 2686 Iu
908 2621 999 2688 cuius
1014 2621 1063 2688 rei
1079 2620 1280 2689 euidentiam
1295 2617 1417 2705 plenio-

292 2752 360 2800 rem
376 2749 436 2798 nos
452 2727 618 2818 predictus
637 2726 783 2795 ,Iacobus
800 2729 994 2796 Penestiuus
1008 2729 1142 2796 Electus
1153 2727 1343 2814 Apostolice
1358 2726 1414 2794 Se·

293 2841 344 2908 dis
360 2841 504 2922 Legatos
521 2835 582 2903 boc
597 2835 766 2902 arbitrium
783 2855 808 2902 a
820 2836 916 2902 nobis
941 2843 974 2904 et
998 2837 1119 2904 nostris
1145 2834 1320 2904 coarbitris
1343 2855 1416 2920 pro

293 2949 491 3034 mulgetum‚
507 2965 549 3012 uc
565 2963 708 3027 unquam
724 2943 832 3029 possit
847 2944 881 3010 in
897 2949 1061 3030 posterum
1077 2942 1237 3028 dubitari,
1257 2943 1361 3011 nostri
1375 2941 1417 3008 si-

293 3057 364 3143 gilli
380 3056 555 3124 munimine
572 3051 724 3120 duximus
740 3050 971 3119 roborandum.

399 3165 441 3231 Et
467 3165 538 3249 Ego
562 3159 812 3230 Bartholomeus
838 3158 879 3226 de
903 3157 1086 3246 Campania
1111 3159 1275 3244 (tiericus,
1302 3159 1419 3226 Sacro·

293 3282 408 3342 sancte
423 3273 569 3340 Romane
586 3269 735 3336 Ecclesie
761 3267 960 3336 scriniarius
983 3269 1045 3336 boo
1070 3267 1238 3336 arbitrium
1262 3267 1304 3336 de
1329 3287 1419 3334 mau-

293 3387 371 3452 dato
396 3380 537 3468 predicti
562 3378 698 3464 Legati,
724 3382 758 3443 et
781 3375 1013 3444 coarbitrorum
1039 3376 1144 3465 ipsius
1169 3395 1268 3444 manu
1284 3375 1419 3464 propria

293 3489 458 3577 publicani
474 3495 508 3555 et
522 3488 651 3574 signum
668 3485 742 3552 ieci.
757 3484 853 3552 Auno
869 3483 1041 3552 Dominice
1057 3487 1299 3554 Incamatiouis
1314 3483 1418 3552 mille-

294 3599 376 3666 simo
392 3596 624 3667 ducentissimo
641 3595 806 3664 tricesimo
825 3600 951 3678 quarto.
972 3592 1184 3663 Pontificatus
1200 3593 1324 3661 domini
1339 3592 1417 3660 Gre-

185 3722 189 3740 ¹
292 3706 376 3794 gorii
386 3705 462 3774 noni
472 3705 562 3790 Papo
571 3723 659 3770 cuno
668 3699 739 3769 VH.
749 3721 861 3770 meuse
872 3699 994 3768 biarcio
1004 3701 1057 3770 die
1071 3707 1201 3770 octena.
1219 3699 1416 3768 Indiccvln

451 3897 595 3974 (Eredetie
613 3915 632 3955 a
649 3895 862 3955 ruent-mtrtoni
880 3893 1030 3970 capestang
1041 3893 1263 3968 reverteretur.)
