3214 5072
796 316 957 416 E..

231 509 235 516 ¹
317 521 448 587 nimiam
474 515 690 604 prolixitatem
721 507 910 576 transscribi
941 529 1003 575 non
1033 509 1209 592 facientes,
1233 509 1291 574 sed
1317 512 1444 574 tantum

319 647 381 714 que
398 625 516 692 fuerint
532 621 638 703 magis
653 617 844 687 necessaria
869 615 1054 702 precipiens
1080 623 1113 680 et
1144 621 1329 702 protestans
1355 616 1445 682 idern

316 737 386 800 Rex
403 731 644 800 serenissimus.
671 728 766 806 Quod
783 724 812 790 si
831 745 895 808 qua
911 725 1007 810 igitur
1033 724 1170 809 alicujus
1195 724 1364 808 dignitatis
1387 724 1443 790 vel

315 842 437 911 ordinis
453 839 606 926 pertinax
627 845 660 903 et
686 835 846 900 indeuota
880 853 1020 919 persona
1045 833 1188 918 presenti
1213 831 1345 898 decreto
1371 851 1447 896 eon-

315 950 414 1018 traire
430 946 673 1033 presumpserit,
702 943 784 1009 iram
802 941 1038 1027 Omnipotentis
1053 941 1116 1006 Dei
1132 939 1276 1006 incurrat
1293 939 1447 1022 etchie

315 1055 549 1141 indignationis
566 1052 769 1120 sentenciam
785 1057 817 1117 et
834 1035 1040 1116 seueritatem
1054 1047 1280 1114 uehementius
1297 1046 1445 1135 experia-

315 1171 375 1229 tur.
399 1163 492 1228 Anno
509 1159 640 1227 Domini
655 1159 711 1224 Mo.
731 1159 779 1225 0⁰.
805 1157 1058 1242 septuagesimo
1075 1157 1223 1242 septimo.
1249 1151 1445 1240 (Helyeseb-

315 1271 379 1338 ben
394 1264 512 1356 Ι1197).
1189 1253 1194 1266 ’

323 1461 468 1533 (Teulsch
487 1459 518 1518 ds
547 1459 712 1528 Firnhuber,
741 1458 975 1515 Urkundenbueb
1005 1475 1056 1512 zur
1093 1415 1261 1514 Gcsrhirhte
1288 1451 1446 1513 i'iebenbtir

436 1545 439 1550 ’
783 1567 864 1620 gens,
889 1548 916 1602 b.
936 1545 977 1620 l.).

759 1795 1004 1808 ——·—————

834 1989 895 2102 rr.
999 2011 1001 2018 ’

317 2221 382 2284 III.
408 2223 500 2284 Incze
519 2222 611 2305 pcipe
633 2213 809 2302 meyerder'ti
832 2237 870 2278 az
894 2215 1076 2299 eaztnpami
1097 2214 1316 2302 ledptalannalr
1330 2239 1351 2282 a
1367 2217 1441 2282 nelei

334 2351 339 2360 ·
408 2327 469 2394 Job
492 2325 624 2392 drecktdl
646 2325 817 2411 citenpedett
840 2325 1023 2410 csaterpumi
1046 2323 1224 2390 boreizcdet.
1249 2327 1353 2424 11983

295 2495 298 2500 ’
424 2481 633 2570 Innocentius
664 2503 846 2589 Episcopus
873 2521 986 2570 servus
1013 2523 1184 2570 sorvorum
1209 2501 1282 2587 Dei,
1309 2503 1457 2572 dilectis'

319 2611 394 2677 filiis
411 2612 563 2697 Capitulo
581 2609 813 2696 strigoniensis
839 2611 986 2678 Ecclesie
1006 2611 1195 2679 salutemet
1213 2611 1439 2698 Apostolicern

316 2718 585 2786 benedictionem.
611 2717 690 2784 Cum
717 2740 737 2786 a
763 2719 857 2784 nobis
877 2719 1005 2804 petitur,
1025 2717 1112 2803 quod
1125 2720 1249 2803 justum
1267 2729 1317 2786 est
1333 2727 1367 2786 et
1381 2719 1438 2786 bo·

316 2835 450 2909 nestum,
467 2833 534 2890 tam
549 2827 643 2911 vigor
659 2827 845 2911 aequitatis,
862 2847 960 2909 quam
977 2827 1056 2893 ordo
1074 2826 1175 2910 exigit
1191 2827 1339 2912 rationis,
1353 2835 1388 2893 ut
1402 2827 1438 2893 id

318 2954 376 3018 per
386 2933 638 3001 sollicitudinem
648 2932 903 3001 officiinostrisd
918 2934 1061 3000 debitum
1072 2934 1267 3019 perducatur
1277 2935 1438 3003 effectum.

310 3029 509 3129 ¹Eapropter²
526 3041 639 3107 dilecti
655 3041 688 3106 ln
705 3043 842 3108 Domino
859 3041 928 3126 filii,
945 3043 1064 3109 vestris
1086 3043 1185 3128 justis
1211 3045 1437 3128 postulationi·

316 3151 376 3218 bus
393 3155 484 3233 grato
502 3155 729 3215 concurrentes
746 3168 894 3232 assensu,
920 3147 1081 3217 decimam
1098 3151 1173 3233 vini,
1192 3152 1277 3234 quod
1292 3149 1437 3218 nascitur

316 3261 349 3325 in
365 3258 527 3324 montibus
544 3256 831 3342 strigoniensibus,
858 3256 942 3322 sicut
969 3279 1042 3324 eam
1059 3277 1100 3323 ex
1117 3259 1325 3324 concessione
1340 3278 1435 3326 vene-

315 3367 430 3433 rabilis
446 3365 555 3432 fratris
572 3365 676 3432 nostri
692 3347 797 3449 Jlobi)
816 3365 1048 3449 strigoniensis
1074 3365 1322 3452 Arcbiepiscopi
1346 3366 1434 3450 juste

314 3483 347 3541 et
371 3472 506 3559 pacifice
523 3473 707 3559 possidetis,
724 3472 816 3540 vobis
842 3471 1041 3539 authoritate
1058 3473 1251 3560 Apostolica
1268 3473 1433 3543 confirma·

315 3603 385 3651 mus
402 3591 434 3649 et
450 3584 610 3668 presentis
627 3582 739 3666 scripti
759 3581 939 3666 patrocinio
971 3584 1215 3649 communimus.
1242 3583 1331 3649 Nulli
1355 3603 1434 3667 ergo

313 3693 442 3758 omnino
458 3691 622 3756 hominurn
639 3690 737 3756 liceat
753 3690 838 3755 hanc
853 3689 1008 3774 paginam
1026 3699 1157 3756 nostrae
1178 3691 1433 3758 confirmationis

315 3799 491 3880 infringere
508 3797 560 3862 vel
577 3797 607 3863 ei
624 3815 704 3864 ausu
720 3798 892 3865 temerario
915 3801 1089 3866 contraire.
1113 3780 1148 3865 si
1165 3801 1236 3883 quis
1252 3805 1361 3896 auterp
1372 3799 1435 3866 boe

316 3913 477 3974 attentare
494 3905 749 3990 praesumpserit
764 3905 1021 3991 indignationem
1054 3906 1289 3995 omnipotentis
1313 3907 1377 3974 Dei
1401 3915 1435 3975 et

316 4016 489 4082 Beatornm
504 4010 593 4077 Petri
609 4017 642 4077 et
657 4013 751 4078 Pnuli
761 4015 988 4098 Apostolorum
1006 4013 1076 4098 ejus
1094 4035 1130 4080 se
1146 4017 1273 4082 noverit
1288 4017 1433 4082 incursu·

314 4141 392 4187 rum.
410 4123 529 4186 Datum
546 4120 701 4186 Laterani
718 4127 809 4186 sexto
826 4121 903 4188 Idus
920 4121 1090 4189 Februarii
1102 4121 1314 4191 Pontificatus
1330 4122 1432 4190 nostri

317 4249 401 4294 anno
417 4248 530 4322 pnmo=

314 4385 476 4458 (Herenesy
494 4385 614 4444 henirati
634 4387 897 4461 gydjtemsnydbdl
917 4387 1029 4460 melya
1060 4391 1136 4460 pesti
1163 4393 1294 4462 egyetem
1325 4390 1434 4464 klinys·

430 4475 552 4534 tsrsban
570 4476 683 4549 lstezik,
702 4477 793 4536 xvir.
812 4477 870 4534 lust.
890 4479 950 4533 117.
971 4477 990 4535 l.
1013 4476 1043 4534 e's
1063 4479 1097 4537 Ia.
1117 4480 1175 4537 ket.
1196 4479 1256 4554 155.
1277 4477 1317 4554 1.).

757 4653 800 4666 *Ρη
817 4653 1002 4670 νψ--υσ--ιμ
