3214 5066
809 291 965 420 *Q
1091 336 1095 344 .

335 513 469 602 provide
485 513 574 580 faeta
589 517 647 595 est,
667 519 700 604 et
729 512 762 578 in
792 513 894 600 ipsius
919 513 1075 600 Episoopi
1104 511 1220 580 litteris
1252 531 1350 600 snper
1380 513 1444 579 hoc

335 622 430 688 fastis
446 621 571 707 plenius
589 619 777 702 continetur,
794 619 986 687 auctoritate
1001 620 1192 706 Apostolieu
1217 618 1444 689 confirmamus

335 736 367 798 et
381 728 540 816 presentis
556 727 668 813 scripti
683 727 863 812 putrooinio
880 730 1128 812 communimus3
1146 747 1278 811 quorum
1294 734 1441 795 tenorem

333 837 375 902 ud
390 835 545 920 majorem
570 835 755 902 firmitatum
775 835 929 919 jussimus
955 837 995 904 de
1019 837 1118 904 uerbo
1146 835 1189 903 ad
1214 835 1346 904 verbum
1371 857 1445 924 pre·

210 979 216 990 ·
332 946 475 1012 sentibus
492 945 640 1010 amatori.

267 1121 272 1128 ·
332 1055 1012 1158 (KoretkezikVilmoserdelyipiisptk12i3-ki
1026 1084 1173 1156 okminys',
1195 1087 1270 1159 moly
1293 1085 1443 1144 olvashott

557 1173 688 1248 Fejernel
701 1175 768 1231 cod.
783 1175 862 1246 DipI.
873 1177 922 1232 111.
937 1176 997 1234 ker.
1012 1179 1036 1231 1.
1051 1196 1075 1236 r.
1090 1175 1207 1248 145.1.).

441 1321 531 1390 Nulli
547 1342 624 1408 ergo
640 1309 769 1388 omnino
786 1321 948 1388 hominum
974 1323 1074 1390 liosat
1097 1321 1181 1409 hane
1207 1323 1361 1409 paginam
1386 1345 1444 1391 no-

334 1438 401 1500 stre
417 1431 666 1500 confirmationis
682 1431 856 1516 infringere
874 1433 926 1498 rel
942 1433 972 1500 ei
989 1452 1073 1500 ausu
1089 1435 1258 1500 temerario
1270 1420 1443 1500 contraire.

252 1547 256 1552 '
335 1541 457 1623 Siquis
481 1545 590 1607 autem
614 1540 675 1605 hoo
706 1543 901 1624 attemptare
931 1539 1152 1624 presumserit,
1183 1541 1443 1625 indignationem

337 1645 574 1734 Omnipotentis
585 1646 649 1714 Dei
659 1654 692 1714 et
708 1649 881 1714 Beatorum
892 1647 978 1713 Petri
989 1656 1020 1714 et
1031 1649 1123 1714 Pauli
1133 1649 1360 1734 Apostolorum
1375 1652 1444 1716 eius

334 1775 369 1823 so
385 1755 510 1822 noverit
524 1754 732 1822 incursurum.
749 1753 871 1821 Datum
886 1755 1038 1849 Laterani
1059 1755 1134 1822 XII.
1152 1755 1218 1822 kal.
1244 1757 1332 1823 Maii.
1359 1759 1441 1825 Pon·

334 1864 474 1932 tifieutns
489 1866 591 1932 nostri
607 1884 691 1932 anno
709 1865 863 1932 seeundo.
881 1877 882 1880 ’
1289 1851 1292 1858 ’

334 2025 389 2099 (An
409 2013 514 2082 oredeti
532 2023 603 2080 utin
623 2023 753 2080 Sohuiler
783 2027 812 2082 J.
844 2027 891 2094 K„
924 2025 1028 2082 Archiv
1047 2024 1094 2080 fiir
1123 2024 1169 2080 die
1200 2023 1360 2080 Kenntniss
1390 2041 1446 2082 von

334 2115 560 2186 Siebenbtirgens
579 2114 694 2171 Vorzelt
721 2117 779 2171 und
810 2113 1108 2188 (regeneraremur.
1139 2112 1346 2186 Num-Sneben
1366 2116 1445 2170 1841.

335 2204 434 2262 2221.
465 2235 492 2246 -
526 2205 576 2260 111.
603 2204 748 2262 Honorius
777 2204 853 2278 βάρει
879 2206 1062 2279 Regostsibel
1091 2204 1214 2263 Tbeiner
1232 2205 1269 2263 id.
1288 2223 1323 2260 m.
1342 2205 1364 2260 1.
1383 2206 1443 2262 ket.

833 2297 875 2351 12.
894 2295 933 2370 1.).

862 2819 917 2885 82.

336 2997 403 3063 III.
413 2997 663 3084 Houumuepctpa
677 2999 849 3082 aequetur·
864 3019 885 3060 a
901 2999 1138 3064 Jonas-eederet
1153 3001 1298 3063 saumuro
1314 2999 1359 3062 ΙΙ.
1378 2999 1445 3064 mz-

443 3115 498 3172 dre
512 3127 643 3192 mappas·
657 3107 763 3192 kiruly
779 3107 927 3171 1217-1us
941 3109 1223 3194 adoomuyozu'aait.
1241 3108 1338 3192 1218.
1390 3163 1393 3167 .

548 3211 583 3301 a)
599 3213 680 3280 Sacis
696 3224 775 3280 estut
788 3215 861 3302 pira
867 3215 1051 3302 juuadalrne't
1065 3215 1238 3281 ditaldboa.

440 3391 601 3461 Honorius
618 3394 797 3480 Episcopus
822 3403 881 3463 eto.
905 3396 1034 3464 dilectis
1060 3393 1135 3462 filiis
1161 3443 1168 3459 .
1193 3443 1199 3460 .
1225 3445 1232 3460 .
1257 3445 1265 3460 .
1288 3395 1446 3479 Magistro

334 3505 367 3563 et
382 3499 547 3570 fratribus
567 3504 689 3570 Domus
719 3503 898 3588 Hospitalis
928 3503 1194 3572 Jerosoiimitane
1226 3506 1364 3572 salntem
1383 3512 1445 3570 eta.

334 3605 413 3674 (ium
430 3630 450 3675 a
466 3611 559 3677 nobis
574 3613 693 3698 petitur
708 3619 768 3680 ete.
793 3613 974 3699 Eupropter
998 3619 1058 3680 eto.
1083 3613 1230 3679 Annuum
1249 3613 1446 3698 quingentu-

336 3735 406 3782 rum
422 3737 602 3785 marearum
614 3723 740 3806 argenti
755 3721 914 3788 redditum
925 3721 1017 3787 vobis
1034 3721 1250 3788 alienissimo
1268 3723 1299 3787 in
1317 3720 1445 3788 Christo

333 3821 400 3889 tilio
415 3833 526 3891 nostro
541 3827 674 3894 Andrea
689 3829 813 3896 Illustri
828 3830 916 3911 Rege
942 3825 1087 3912 Ungarie
1105 3829 1146 3895 de
1162 3829 1374 3914 proventibus
1392 3847 1445 3894 sa·

332 3931 409 3998 lium
426 3951 554 3999 suorum
569 3935 602 3999 iu
619 3935 737 4002 Saleeh
753 3936 808 4021 pia
818 3937 1015 4004 liberalitate
1032 3954 1232 4020 eoncessum,
1242 3937 1326 4002 siout
1338 3935 1445 4022 ipsum

334 4041 417 4108 iuste
432 4061 472 4108 ao
488 4040 622 4136 paoifioe
638 4044 801 4130 obtinetis,
818 4051 850 4112 et
866 4047 900 4111 in
915 4045 1058 4112 eiusdem
1074 4044 1173 4128 Regis
1184 4041 1300 4110 litteris
1316 4045 1444 4128 plenius

334 4149 523 4235 continetur,
540 4151 632 4218 vobis
649 4159 680 4217 et
695 4171 753 4236 per
777 4173 836 4221 vos
860 4153 979 4220 Domui
1003 4157 1112 4220 vestre
1137 4153 1332 4218 auctoritate
1357 4153 1445 4238 Apo·

334 4259 449 4326 stoliea
465 4257 697 4347 confirmamus,
723 4269 755 4326 et
773 4263 934 4348 presentis
959 4261 1074 4346 scripti
1098 4261 1277 4345 patrocinio
1303 4279 1445 4328 eommu-

333 4365 448 4432 nimus.
472 4366 523 4433 Ad
538 4371 693 4436 maiorem
710 4376 817 4436 autem
833 4371 879 4438 rei
896 4369 1090 4436 evidentium
1104 4375 1248 4434 tenorem
1265 4369 1446 4436 litterarum

332 4475 476 4558 ipsarum
492 4477 533 4541 (le
549 4478 647 4544 verbo
663 4477 854 4546 adverbum
870 4478 1021 4546 iussimus
1045 4475 1250 4561 presentibus
1276 4477 1445 4564 annotari;

335 4577 393 4660 qui
407 4581 485 4650 tutis
502 4586 569 4646 est:
