3214 5072
288 876 395 978 Scissa
419 911 461 975 τιὸ
481 907 678 972 robonoiuoie
711 906 961 994 betecpyezdso'oct
994 906 1111 976 Chritus
1145 910 1228 974 nevit
1258 906 1411 996 belpsdpot

298 1043 307 1072 ··
418 1019 689 1114 odomdnyozzaa
711 1020 931 1084 sacntmo'rtonc'
953 1017 1165 1104 apcitsdpoole.
1189 1016 1286 1082 1146.

395 1217 433 1282 In
449 1215 577 1281 nomine
592 1214 730 1280 Domini.
745 1213 955 1282 Generationi
968 1235 1052 1298 quae
1062 1221 1197 1282 ventura
1207 1223 1267 1298 est,
1279 1215 1365 1282 sicut
1376 1221 1410 1282 et

289 1326 439 1409 illi,quae
450 1341 533 1389 nuno
544 1327 814 1408 superest,notum
825 1321 967 1400 sithia
978 1322 1048 1406 bigo
1059 1321 1172 1390 Scines
1182 1322 1341 1389 destituta
1350 1343 1412 1408 spe

290 1432 413 1500 sobolis
430 1430 666 1514 hereditariae;
684 1430 798 1496 videns
808 1430 925 1497 multos
944 1430 1096 1514 violente,
1113 1431 1165 1496 vel
1181 1430 1410 1514 quoquomodo

293 1539 469 1610 succedere
486 1541 518 1606 in
533 1538 731 1606 hereditates
748 1537 896 1621 aliorum,
914 1545 946 1602 et
962 1557 1119 1622 usurpare
1140 1538 1212 1622 sibi,
1238 1539 1325 1621 quod
1342 1539 1412 1606 nul·

291 1651 342 1716 lus
358 1646 532 1731 acquisivit
548 1645 745 1713 naturalium
769 1651 949 1728 parentum,
975 1645 1159 1728 excogitavi
1185 1647 1232 1712 sic
1256 1645 1411 1714 ordinare
1445 1680 1449 1689 ·

290 1755 528 1844 patrimonium,
545 1753 631 1838 quod
646 1751 690 1818 ad
705 1772 756 1818 me
773 1752 914 1836 pertinet
935 1753 1131 1820 hereditario
1143 1753 1228 1839 jure,
1252 1761 1288 1821 ut
1309 1741 1412 1822 talem

290 1865 412 1952 possim
428 1863 581 1930 heredem
598 1861 729 1945 babere,
744 1862 799 1944 qui
816 1879 866 1926 mc
882 1862 1066 1945 posthanc
1090 1860 1192 1928 vitam
1217 1844 1411 1950 participem

186 2050 188 2062 Ι
290 1973 389 2060 iaciat
404 1973 597 2040 hereditatis
614 1978 778 2038 aeternae.
796 1970 879 2036 Inito
896 1972 1007 2052 itaque
1023 1971 1148 2038 salubri
1174 1971 1311 2038 consilio
1337 1989 1411 2038 cum

292 2081 408 2149 marito
424 2099 497 2148 meo
513 2077 641 2146 domino
669 2077 809 2144 Hernico
833 2080 933 2144 tratre
966 2077 1088 2144 domini
1119 2079 1228 2146 David
1259 2079 1409 2165 Abbatis,

290 2191 427 2258 conteni
452 2189 652 2274 propinquos
669 2195 702 2252 et
718 2187 840 2252 amicos
865 2207 955 2252 meos
982 2187 1084 2282 bujus¹
1105 2188 1208 2272 Regni
1234 2187 1411 2272 Primates,

290 2297 406 2380 quibus
422 2297 571 2381 aperiens
588 2314 757 2360 commune
782 2294 952 2361 consilium
980 2296 1105 2381 rogavi,
1132 2301 1167 2360 ut
1193 2305 1408 2380 suggererent

290 2406 421 2474 domino
440 2411 551 2470 nostro
568 2405 650 2486 Regi
671 2403 813 2489 Geysae,
835 2403 989 2485 quatinus
1020 2405 1122 2487 ipsius
1152 2404 1364 2488 permissione
1379 2409 1413 2494 et

292 2510 424 2582 licentia
440 2511 589 2596 predium
617 2511 745 2578 nomine
772 2511 896 2578 Ohutns
927 2530 997 2578 cum
1030 2511 1176 2578 omnibus
1206 2511 1411 2596 pertinentiis

290 2639 453 2702 voveram,
471 2625 504 2686 et
522 2617 683 2685 traderem
699 2620 846 2686 Ecclesia
864 2620 976 2686 Sancti
1008 2620 1191 2686 MAlt'PlNl
1207 2633 1306 2706 supra
1322 2621 1409 2688 bion-

291 2735 356 2796 tem
372 2729 572 2816 Pannoniae,
591 2728 667 2794 Mox
693 2729 740 2794 ilii
767 2729 1022 2810 acquiescentes
1046 2731 1165 2796 nostris
1190 2730 1411 2816 petitionibus,

290 2843 323 2904 et
338 2837 457 2902 bonum
484 2835 680 2902 desiderium
707 2838 933 2922 approbantes
950 2840 1078 2921 Regem
1097 2840 1248 2924 aggressi
1279 2839 1412 2922 inclina·

286 2949 409 3027 uerunt,
426 2950 458 3012 et
473 2943 542 3010 lieri
557 2942 685 3028 debere,
712 2937 807 3027 quod‘
829 2945 1021 3036 petivimus,
1053 2949 1275 3036 supplicantes
1304 2949 1410 3035 impe-

285 3057 459 3122 traverunt.
491 3053 636 3136 Accepta
668 3053 765 3136 igitur
791 3054 909 3137 Regali
940 3056 1097 3140 licentia,
1127 3055 1276 3140 predium
1307 3077 1408 3144 supra

294 3160 414 3227 dictum
431 3179 502 3226 oum
518 3160 617 3244 agris,
636 3161 863 3244 compascuis,
881 3179 952 3227 cum
972 3164 1075 3248 silvis,
1102 3183 1174 3228 cum
1201 3165 1316 3249 pratis,
1335 3185 1406 3232 cnm

235 3285 238 3294 “
291 3257 450 3353 omnibus,
468 3288 554 3354 quae
579 3273 654 3334 sont
669 3269 701 3333 iu
719 3289 757 3334 co
783 3277 916 3337 nostrae
941 3269 1073 3338 ditionis
1099 3273 1277 3340 secundum
1293 3282 1409 3362 ¹metas

290 3377 466 3460 antiquitus
484 3375 627 3460 undique
643 3383 818 3462 congestas
842 3379 946 3444 Beato
974 3378 1171 3447 MARTINO
1204 3379 1407 3464 donavimus,

290 3490 325 3552 ut
340 3492 415 3570 post
430 3493 565 3552 mortem
583 3491 726 3552 nostram
752 3487 878 3570 absque
905 3486 991 3552 omni
1015 3487 1256 3572 perturbatione
1281 3489 1324 3556 sit
1348 3490 1409 3556 sub

288 3595 392 3680 ipsius
407 3597 577 3662 Ecclesiae
594 3595 733 3662 Abbatis
758 3595 964 3679 providentia
995 3604 1028 3661 et
1059 3601 1297 3684 procuratione.
1329 3601 1410 3667 Sunt

292 3711 400 3771 autem
415 3705 486 3788 hec,
503 3723 588 3789 quae
604 3705 647 3771 ad
672 3705 777 3790 ipsum
803 3705 971 3788 praedium
997 3706 1170 3788 pertinent.
1197 3707 1275 3774 Tria
1300 3715 1410 3776 aratra

290 3833 362 3896 cum
378 3812 406 3877 V
422 3813 646 3879 mansionibus
663 3811 724 3878 XV
740 3812 912 3898 bominum,
930 3815 955 3881 O
983 3833 1070 3897 oves,
1099 3813 1197 3882 XXX
1222 3817 1311 3900 porci
1337 3837 1409 3884 oum

290 3919 436 4004 subulco,
453 3919 585 4004 equatia
609 3919 722 3987 XXIII
739 3941 892 4004 equorum
910 3927 942 3987 ct
958 3941 1112 4006 equarum
1138 3943 1209 3990 cum
1236 3925 1406 3992 mansione

291 4030 384 4095 trium
400 4027 572 4113 hominum,
590 4029 619 4093 V
634 4029 750 4098 vineae
776 4050 848 4097 cum
863 4033 892 4098 V
910 4032 1133 4099 mansionibus
1161 4033 1194 4097 in
1221 4033 1300 4100 villa
1327 4053 1409 4118 quae

289 4135 403 4204 dicitnr
417 4135 510 4205 Redi.
527 4137 680 4205 Debitum
700 4157 777 4204 vero
793 4139 930 4224 servitii,
962 4160 1023 4224 quo
1050 4139 1108 4207 alii
1133 4140 1280 4234 homines
1308 4141 1409 4210 eccle·

291 4244 362 4312 siae
373 4253 580 4332 occupantur,
592 4249 634 4315 ab
651 4245 702 4314 his
718 4248 837 4315 nostris
848 4248 1030 4316 bominibus
1046 4269 1180 4336 prorsus
1198 4251 1404 4338 exclusimus,

292 4351 443 4418 videlicet
458 4359 492 4419 ut
508 4374 568 4420 nec
585 4353 693 4421 vinum
713 4357 834 4422 ducant
849 4357 892 4423 ad
910 4360 1150 4446 monasterium,
1177 4379 1238 4428 nec
1254 4361 1405 4440 ,farinam

289 4460 332 4526 ad
346 4459 568 4544 praebendam
585 4464 730 4550 fratrum,
747 4483 807 4532 nec
824 4465 948 4550 aliquid
964 4475 1124 4553 cogantur
1146 4467 1315 4550 laborare,
1342 4469 1406 4538 nisi

290 4567 377 4653 quod
391 4569 435 4636 acl
450 4571 682 4656 agriculturam
697 4573 751 4640 vel
767 4575 809 4642 ad
826 4573 979 4642 colendas
1011 4576 1123 4644 vineas
1139 4579 1297 4666 praedicti
1312 4599 1405 4664 prae-

287 4677 333 4747 dii
348 4681 496 4772 pertinet.
516 4683 552 4751 In
580 4683 794 4770 stranipiendis
819 4683 936 4770 etiam,
966 4695 1021 4755 aut
1052 4687 1252 4762 dimittendis
1283 4687 1394 4788 liberis
1465 4683 1466 4686 ’
