3198 5058
670 865 750 934 cot.

154 1137 212 1203 lx.
229 1135 366 1224 Gerpdy
376 1139 469 1222 pcipe
483 1135 733 1222 Mapyororozdp
741 1133 964 1221 fdpopjct‘ook
978 1133 1174 1222 mcpbagyjo,
1198 1134 1279 1225 dopy

155 1243 461 1332 azapooottoztltot
476 1242 636 1308 letoleto
652 1242 745 1308 ttrole
759 1241 885 1308 ite'loteit
895 1241 1162 1328 foqooatoeitedlc.
1179 1245 1277 1309 1235.

260 1511 438 1600 Gregorius
448 1511 633 1598 Episcopus
649 1527 765 1578 seruus
782 1531 950 1580 semorum
960 1513 1024 1582 Dei
1034 1513 1277 1582 venerabilibus

155 1621 336 1690 frutribus.
353 1669 361 1687 .
378 1669 386 1688 .
403 1617 662 1706 Archiepisoopo
678 1619 895 1704 strigoniensi
912 1626 946 1686 ct
956 1619 1277 1706 Suffruguneissuis,

155 1739 187 1796 et
201 1729 332 1798 dilectis
347 1728 424 1796 liliis
435 1727 629 1814 Abbudbus,
646 1727 813 1796 Prioribus
829 1734 862 1796 et
877 1726 953 1796 eliis
969 1728 1192 1810 Ecclesiemm
1202 1730 1278 1796 Pre-

154 1837 230 1906 letis
255 1857 315 1925 per
340 1837 596 1921 Strigouicusem
621 1835 822 1923 prouinciam
848 1837 1052 1922 constitutis,
1079 1837 1218 1904 salutem
1244 1842 1277 1902 et

153 1945 375 2031 Apostolicem
391 1945 661 2013 benedictionem.
678 1944 800 2012 Dilecti
810 1943 868 2030 filij
887 1996 895 2010 .
913 1993 921 2010 .
938 1992 947 2010 .
964 1944 1275 2013 Abbasetconuen-

152 2060 203 2120 tus
219 2053 414 2138 Monesterij
431 2051 543 2121 Sanco
560 2052 694 2120 llurtiui
709 2055 751 2120 de
761 2053 931 2122 Pannonia
946 2071 1008 2122 suu
1023 2051 1118 2121 uobis
1133 2052 1276 2122 insinue-

152 2164 240 2229 tioue
256 2167 501 2243 monstrarunt,
525 2159 613 2245 quod
638 2180 711 2228 cum
735 2161 817 2247 ipsis
842 2163 954 2248 plures
971 2163 1217 2230 commissiones
1233 2161 1276 2228 ed

152 2269 301 2336 diuersos
324 2266 449 2335 iudices
474 2267 614 2336 diuersis
638 2267 839 2354 temporibus
862 2287 962 2354 super
977 2269 1118 2337 diuersis
1134 2271 1275 2355 questio·

152 2377 249 2444 nibus
266 2381 300 2444 et
314 2373 465 2461 dampnis
480 2396 521 2442 uc
536 2376 664 2443 iniuriis
681 2375 744 2444 sibi
760 2384 794 2444 et
809 2375 873 2460 ipsi
888 2378 1088 2446 Monosterio
1114 2377 1278 2472 irrogetis,

152 2503 293 2552 necnon
309 2488 344 2550 et
358 2484 454 2550 rebus
470 2483 545 2550 aliis
562 2503 582 2546 u
599 2483 686 2552 Sede
702 2485 896 2569 Apostolice
911 2484 1173 2573 impetrantibus,
1187 2485 1275 2570 judi-

153 2609 208 2660 ces
224 2593 289 2678 ipsi
305 2591 502 2677 quandoque
518 2591 692 2676 interdicti,
710 2612 939 2678 nonnunquam
956 2593 1277 2679 uerosuspensiouis
1293 2653 1296 2660 .

153 2703 206 2768 uel
221 2699 567 2769 excommunicationis
583 2701 766 2770 sententies
783 2703 937 2788 exigente
960 2703 1085 2770 iustitia
1109 2701 1277 2786 proferant

153 2809 186 2874 in
200 2809 362 2894 rebelles,
387 2828 427 2876 ec
442 2809 598 2876 mandent
614 2809 757 2876 locorum
773 2809 967 2895 ordinariis,
992 2816 1028 2877 ut
1052 2808 1185 2878 eusdem
1201 2829 1275 2878 sen·

152 2919 273 2988 tentius
289 2924 324 2986 et
339 2917 405 3002 ipsi
420 2923 609 2984 reuereutcr
624 2917 818 3000 obstruent,
845 2925 879 2986 et
903 2919 1028 2987 iaciunt
1043 2940 1065 2988 a
1080 2919 1149 2986 suis
1164 2917 1276 2988 subdi·

152 3025 195 3092 tis
210 3023 346 3093 firmiter
361 3024 546 3112 obseruari5
574 3022 654 3092 dicti
680 3025 838 3094 ordinarii
857 3025 1042 3094 huiusmodi
1057 3025 1212 3092 mundato
1227 3044 1275 3091 rc·

152 3140 247 3220 cepto
262 3153 328 3200 non
344 3133 449 3201 solum
464 3132 630 3220 predictus
646 3136 830 3202 sententies
850 3154 915 3200 uon
940 3135 1138 3221 obseruant;
1165 3153 1275 3201 uerum

152 3243 251 3308 etium
268 3241 401 3310 eosdem
417 3243 718 3311 excommunicatos
735 3243 901 3308 nuntiatos
917 3242 1049 3328 publice
1075 3261 1116 3309 cc
1140 3261 1275 3326 suspeu-

151 3369 217 3436 sos,
231 3351 267 3418 in
282 3370 343 3418 suo
359 3369 469 3418 errore
485 3350 661 3420 consonent
676 3358 710 3418 et
726 3349 916 3432 detendunt,
932 3350 966 3416 iu
979 3349 1155 3416 eorundem
1166 3347 1275 3416 Abte

151 3459 193 3527 tis
210 3465 245 3529 et
260 3457 448 3528 (tenuentur
463 3459 678 3546 preiudicium
704 3480 744 3527 cc
769 3459 991 3526 ecclesiastice
1010 3457 1184 3543 discipline
1201 3477 1275 3524 cou-

151 3574 319 3655 tcmptum.
344 3567 428 3648 Quia
443 3587 521 3636 uero
538 3587 645 3653 error,
672 3570 724 3637 cui
739 3589 805 3636 non
821 3569 984 3636 resistitur
998 3565 1217 3652 approbetur,
1243 3573 1277 3632 et

150 3674 239 3746 uiros
263 3678 361 3746 dccet
385 3675 629 3746 ecclesiasticos
654 3675 848 3764 prouidere,
874 3695 916 3744 ne
940 3674 1140 3744 dissoluatur
1155 3693 1274 3743 neruus

151 3785 375 3856 ecclesiastice
400 3782 594 3872 discipline,
619 3785 827 3854 uniuersiteti
850 3791 961 3856 uestro
993 3803 1051 3871 per
1082 3782 1275 3869 Apostolice

151 3897 276 3986 scripte
291 3893 426 3964 firmiter
440 3893 652 3984 precipiendo
669 3895 882 3980 mandemus,
898 3894 1052 3980 quatinus
1067 3913 1139 3964 cum
1155 3913 1176 3960 e
1191 3890 1274 3958 iudi·

152 4007 244 4077 cibus
269 4023 292 4072 a
316 4003 405 4074 Sede
432 4004 615 4092 Apostilica
640 4003 802 4089 delegetis
819 4024 917 4092 super
932 4000 1145 4073 obseruandis
1162 4020 1273 4069 eorum

151 4114 324 4184 sententiis
337 4111 465 4182 fueritis
476 4112 519 4182 de
531 4119 641 4180 cetero
657 4113 818 4199 requisiti,
834 4119 868 4180 et
882 4132 942 4182 uos
957 4111 1021 4200 ipsi
1037 4131 1094 4179 eos
1110 4109 1274 4178 humiliter

152 4225 353 4310 obseructis,
377 4230 412 4292 et
436 4221 568 4292 societis
584 4243 605 4290 a
620 4221 761 4290 subditis
776 4223 896 4292 uestris
913 4219 1148 4290 inuiolabiliter
1163 4219 1273 4288 obser·

150 4333 233 4402 ueri.
259 4331 380 4404 Dctum
405 4329 534 4418 Perusij
560 4331 598 4398 V.
615 4327 693 4400 Idus
718 4329 817 4416 Julij,
836 4328 1049 4399 Pontificatus
1064 4328 1168 4396 nostri
1183 4346 1272 4394 anuo

150 4461 245 4512 110110·
257 4551 340 4638 Regi
347 4553 481 4638 Jcpyzct.
505 4545 629 4616 Eodem
645 4565 779 4634 prorsus
795 4546 968 4614 uerborum
983 4550 1096 4636 tenore
1112 4550 1145 4612 et
1175 4543 1271 4615 deco-

146 4655 220 4728 dcm
236 4655 315 4727 dcto
332 4655 485 4744 expetite
502 4655 565 4724 fuit
579 4654 672 4723 bulle
688 4656 732 4724 cd
746 4652 1036 4742 Archiepiscopum
1047 4653 1270 4744 Colocenscm,
