3214 5072
639 343 799 451 Ab.

164 543 195 604 ln
211 545 419 606 contumaees
435 539 544 606 tulerit
560 545 592 606 et
608 541 756 622 rebelles,
776 543 879 606 ratam
904 539 1096 609 habebimus
1121 551 1153 609 et
1177 547 1273 614 sacie-

165 641 380 716 mns'auetore
395 649 534 716 Domino
550 668 651 733 usque
667 649 710 716 ad
726 650 983 717 satisfactionem
1008 650 1203 738 condignam
1232 655 1273 720 ir-

163 754 402 840 refragabiliter
427 758 606 824 observari.
630 757 752 826 Datum
777 759 934 826 Laterani
964 760 1018 826 VI.
1046 780 1120 826 non.
1148 761 1273 848 blateij,

165 864 372 932 Pontificatns
388 865 491 932 nostri
507 885 593 934 anno
607 867 714 934 tertio.

196 1059 315 1132 (Pontos
333 1058 458 1116 masolat
476 1060 556 1131 utdn,
575 1061 653 1133 mely
674 1061 787 1118 abdeni
807 1060 931 1122 nslsadri
951 1066 1040 1122 lithos
1059 1060 1238 1130 levdltdrban
1310 1107 1318 1116 .

657 1148 784 1222 letanie).

587 1447 836 1459 -σ--υυ-ιι--ο-η

685 1673 742 1742 47.

163 1854 283 1920 Taza-i
310 1857 436 1920 Tumdst
470 1855 605 1942 dtr-diluo
638 1855 949 1942 oyuytatudnyozzdlt
959 1903 969 1934 ,
1001 1856 1078 1942 boyy
1102 1860 1273 1922 tartozdadt

215 1973 218 1982 '
520 1963 655 2048 lefieette.
679 1963 758 2028 ΧΗ.
782 1961 907 2028 ezdzad.

264 2163 334 2228 llos
349 2161 506 2228 Keminns
523 2149 661 2227 Ourialis
678 2159 795 2226 eomer
811 2160 999 2242 Hontensis,
1025 2169 1057 2227 et
1083 2159 1272 2228 Dominious

158 2271 259 2336 maior
275 2271 438 2338 exereitus
454 2268 568 2335 damus
583 2289 641 2356 pro
658 2270 813 2336 memoria
826 2268 914 2351 quod
929 2287 1003 2334 eum
1018 2267 1162 2335 Thomas
1186 2269 1272 2338 filins

157 2380 238 2446 Petlr
260 2377 302 2445 de
326 2376 429 2446 Tener
454 2377 621 2446 debuisset
643 2379 771 2445 soluere
801 2396 898 2443 unam
924 2395 1077 2454 maroam,
1102 2376 1271 2464 Stephano

156 2485 220 2552 lilio
237 2487 384 2553 Kesereu
400 2487 490 2553 iuxta
506 2486 641 2552 formam
657 2486 836 2576 litterarum
854 2485 1041 2552 (tondentus
1058 2486 1100 2552 de
1118 2483 1219 2570 Saag,
1237 2491 1273 2551 ut
1307 2545 1315 2560 r

156 2595 295 2662 uidimus
312 2595 490 2678 contineri3
518 2601 550 2659 et
564 2594 769 2680 postmodum
792 2595 892 2679 ydem
911 2599 1021 2678 partes
1047 2591 1176 2661 luerunt
1200 2611 1272 2659 con·

156 2702 289 2787 cordati,
306 2709 339 2770 et
353 2702 438 2768 idem
449 2702 592 2770 Thomas
608 2703 707 2770 soluit
722 2703 827 2770 eidem
837 2701 1006 2788 Stephano
1021 2721 1179 2768 summam
1195 2707 1273 2768 ante

155 2811 284 2890 dietam,
301 2817 333 2878 et
348 2813 391 2878 ab
410 2812 525 2878 eodem
542 2818 592 2878 est
607 2810 789 2898 expeditus,
814 2811 964 2878 similiter
989 2817 1022 2876 et
1047 2807 1187 2878 eundem
1212 2828 1272 2895 pro

154 2918 272 2985 indieio
289 2928 401 2985 nostro
417 2917 617 2986 reddidimus
643 2917 780 2986 eundem
806 2919 904 2985 etiam
921 2916 1116 3004 expeditum.
1151 2919 1272 2984 Datum

155 3026 293 3108 sabbato
309 3029 457 3112 proximo
474 3035 550 3094 ante
566 3026 771 3094 Dominioam
787 3027 898 3093 Ramis
914 3027 1110 3092 Palmamm.

260 3223 367 3290 Jeqyeet.
385 3215 511 3274 Masoltn
527 3216 641 3272 Horvit
668 3215 765 3272 lstvtn
785 3233 802 3271 a
821 3219 900 3276 Hont
924 3219 1038 3290 megyei
1066 3217 1178 3274 Thendr
1197 3236 1274 3274 nom.

154 3310 253 3382 zetsdg
272 3307 470 3366 lerdltrlrdnak
497 3306 687 3380 bdrhdrtydra
716 3304 785 3364 irott
814 3308 876 3366 ndrt
902 3306 1109 3380 peldtnytrol,
1138 3309 1272 3382 melynek

154 3399 278 3456 hltirata
298 3416 348 3453 ez:
369 3398 424 3452 Pro
445 3397 555 3456 Thema
574 3404 672 3453 contra
691 3394 867 3468 Stephanum
893 3428 930 3440 -
948 3427 984 3439 -
1002 3426 1038 3438 -
1059 3427 1090 3438 —
1121 3397 1271 3470 Expeditu-

154 3491 195 3547 ria
213 3489 373 3546 Judieialis.
393 3477 469 3544 Eruli.
1002 3505 1006 3508 ·

571 3751 851 3764 ——-.-.---

686 3999 740 4064 la.

192 4177 361 4242 Eberhard
378 4178 530 4263 pozeouyi
552 4179 644 4262 upon
668 4176 844 4242 iurulentia
866 4199 888 4238 u
911 4174 1101 4261 uolymdaaole
1126 4175 1227 4240 Peroe

268 4289 274 4300 '
509 4282 664 4370 solueret.
689 4285 765 4348 XII.
781 4282 904 4348 ezdzad.

258 4465 327 4530 Nos
343 4461 552 4530 Eberhardns
570 4465 610 4531 de
626 4463 814 4564 Helespune
832 4462 948 4530 Comes
971 4461 1180 4530 Posoniensis
1206 4483 1270 4532 me·

120 4619 123 4626 -
153 4574 251 4638 morie
267 4571 541 4657 commendamus,
553 4573 641 4657 quod
658 4594 728 4640 curn
744 4581 863 4638 terram
880 4572 956 4636 uille
982 4573 1084 4640 Petun
1109 4569 1269 4638 falkanio-

153 4699 218 4750 rum
236 4699 489 4774 occupassemus
505 4704 525 4751 a
541 4682 631 4758 Luca
657 4681 863 4772 autfereudo,
896 4679 1048 4774 quoniam
1076 4663 1161 4750 idem
1178 4679 1269 4748 diee-

1325 2478 1401 2502 &N
