<?xml version="1.0" encoding="UTF-8"?>
<!DOCTYPE html PUBLIC "-//W3C//DTD XHTML 1.0 Transitional//EN"
    "http://www.w3.org/TR/xhtml1/DTD/xhtml1-transitional.dtd">
<html xmlns="http://www.w3.org/1999/xhtml" xml:lang="en" lang="en">
 <head>
  <title>
</title>
<meta http-equiv="Content-Type" content="text/html;charset=utf-8" />
  <meta name='ocr-system' content='tesseract 3.04.00' />
  <meta name='ocr-capabilities' content='ocr_page ocr_carea ocr_par ocr_line ocrx_word'/>
</head>
<body>
  <div class='ocr_page' id='page_1' title='image "./codexdiplomatic20wenzgoog_0214.png"; bbox 0 0 3214 5066; ppageno 0'>
   <div class='ocr_carea' id='block_1_1' title="bbox 686 821 742 885">
    <p class='ocr_par' dir='ltr' id='par_1_1' title="bbox 686 821 742 885">
     <span class='ocr_line' id='line_1_1' title="bbox 686 821 742 885; baseline -0.036 0"><span class='ocrx_word' id='word_1_1' title='bbox 686 821 742 885; x_wconf 67' lang='grc'>81.</span> 
     </span>
    </p>
   </div>
   <div class='ocr_carea' id='block_1_2' title="bbox 222 994 1221 1204">
    <p class='ocr_par' dir='ltr' id='par_1_2' title="bbox 222 994 1221 1204">
     <span class='ocr_line' id='line_1_2' title="bbox 222 994 1221 1086; baseline 0 -22"><span class='ocrx_word' id='word_1_2' title='bbox 222 1000 289 1066; x_wconf 80' lang='lat' dir='ltr'>Pet</span> <span class='ocrx_word' id='word_1_3' title='bbox 303 1003 335 1067; x_wconf 74' lang='lat' dir='ltr'>de</span> <span class='ocrx_word' id='word_1_4' title='bbox 353 999 470 1066; x_wconf 76' lang='lat' dir='ltr'>Tetrade</span> <span class='ocrx_word' id='word_1_5' title='bbox 486 998 602 1086; x_wconf 73' lang='lat' dir='ltr'>prdfolc</span> <span class='ocrx_word' id='word_1_6' title='bbox 619 1001 650 1064; x_wconf 72' lang='lat' dir='ltr'>eu</span> <span class='ocrx_word' id='word_1_7' title='bbox 667 994 822 1064; x_wconf 69' lang='lat' dir='ltr'>rarescit</span> <span class='ocrx_word' id='word_1_8' title='bbox 839 999 1019 1086; x_wconf 66' lang='lat' dir='ltr'>emmeepa</span> <span class='ocrx_word' id='word_1_9' title='bbox 1032 1021 1071 1064; x_wconf 79' lang='lat' dir='ltr'>aa</span> <span class='ocrx_word' id='word_1_10' title='bbox 1088 997 1221 1086; x_wconf 66' lang='lat' dir='ltr'>elefanti</span> 
     </span>
     <span class='ocr_line' id='line_1_3' title="bbox 421 1105 917 1204; baseline 0 -33"><span class='ocrx_word' id='word_1_11' title='bbox 421 1141 423 1149; x_wconf 43' lang='lat' dir='ltr'>v</span> <span class='ocrx_word' id='word_1_12' title='bbox 513 1105 633 1193; x_wconf 79' lang='lat' dir='ltr'>-epylrda</span> <span class='ocrx_word' id='word_1_13' title='bbox 647 1107 802 1204; x_wconf 55' lang='lat' dir='ltr'>emanere.</span> <span class='ocrx_word' id='word_1_14' title='bbox 819 1108 917 1171; x_wconf 83' lang='lat'><strong><em>1218.</em></strong></span> 
     </span>
    </p>
   </div>
   <div class='ocr_carea' id='block_1_3' title="bbox 151 1277 1458 4831">
    <p class='ocr_par' dir='ltr' id='par_1_3' title="bbox 151 1277 1458 4831">
     <span class='ocr_line' id='line_1_4' title="bbox 151 1277 1327 1371; baseline 0.002 -19"><span class='ocrx_word' id='word_1_15' title='bbox 151 1347 153 1352; x_wconf 87' lang='lat'>.</span> <span class='ocrx_word' id='word_1_16' title='bbox 270 1285 414 1356; x_wconf 83' lang='lat' dir='ltr'>Jacobus</span> <span class='ocrx_word' id='word_1_17' title='bbox 430 1283 706 1370; x_wconf 82' lang='lat' dir='ltr'>Archidiaconus,</span> <span class='ocrx_word' id='word_1_18' title='bbox 722 1285 903 1353; x_wconf 75' lang='lat' dir='ltr'>Cenonicer</span> <span class='ocrx_word' id='word_1_19' title='bbox 919 1277 1069 1355; x_wconf 79' lang='lat' dir='ltr'>Ecclesie</span> <span class='ocrx_word' id='word_1_20' title='bbox 1085 1285 1284 1371; x_wconf 80' lang='lat' dir='ltr'>Strigonien-</span> <span class='ocrx_word' id='word_1_21' title='bbox 1319 1313 1327 1324; x_wconf 81' lang='lat'><em>.</em></span> 
     </span>
     <span class='ocr_line' id='line_1_5' title="bbox 164 1377 1458 1482; baseline 0.002 -20"><span class='ocrx_word' id='word_1_22' title='bbox 164 1401 211 1464; x_wconf 87' lang='lat' dir='ltr'>sls</span> <span class='ocrx_word' id='word_1_23' title='bbox 228 1395 377 1462; x_wconf 83' lang='lat' dir='ltr'>omnibus</span> <span class='ocrx_word' id='word_1_24' title='bbox 393 1393 543 1462; x_wconf 89' lang='lat' dir='ltr'>fidelibus</span> <span class='ocrx_word' id='word_1_25' title='bbox 559 1393 768 1480; x_wconf 75' lang='lat' dir='ltr'>presentibus</span> <span class='ocrx_word' id='word_1_26' title='bbox 784 1402 816 1462; x_wconf 91' lang='lat' dir='ltr'>et</span> <span class='ocrx_word' id='word_1_27' title='bbox 832 1393 948 1464; x_wconf 86' lang='lat' dir='ltr'>futuris</span> <span class='ocrx_word' id='word_1_28' title='bbox 964 1403 1136 1482; x_wconf 77' lang='lat' dir='ltr'>presentes</span> <span class='ocrx_word' id='word_1_29' title='bbox 1155 1383 1284 1464; x_wconf 73' lang='lat' dir='ltr'>litterae</span> <span class='ocrx_word' id='word_1_30' title='bbox 1456 1377 1458 1382; x_wconf 34' lang='lat'><strong>¹</strong></span> 
     </span>
     <span class='ocr_line' id='line_1_6' title="bbox 164 1503 1285 1590; baseline 0.002 -20"><span class='ocrx_word' id='word_1_31' title='bbox 164 1505 358 1590; x_wconf 87' lang='lat' dir='ltr'>inspecturis</span> <span class='ocrx_word' id='word_1_32' title='bbox 375 1505 513 1578; x_wconf 81' lang='lat' dir='ltr'>salutem</span> <span class='ocrx_word' id='word_1_33' title='bbox 529 1503 563 1569; x_wconf 92' lang='lat' dir='ltr'>in</span> <span class='ocrx_word' id='word_1_34' title='bbox 578 1503 696 1586; x_wconf 84' lang='lat' dir='ltr'>salutis</span> <span class='ocrx_word' id='word_1_35' title='bbox 713 1504 853 1573; x_wconf 90' lang='lat' dir='ltr'>omnium</span> <span class='ocrx_word' id='word_1_36' title='bbox 870 1505 1037 1590; x_wconf 84' lang='lat' dir='ltr'>largitore.</span> <span class='ocrx_word' id='word_1_37' title='bbox 1053 1503 1104 1572; x_wconf 83' lang='lat' dir='ltr'>Ad</span> <span class='ocrx_word' id='word_1_38' title='bbox 1119 1506 1285 1572; x_wconf 78' lang='lat' dir='ltr'>uniuerso·</span> 
     </span>
     <span class='ocr_line' id='line_1_7' title="bbox 163 1609 1284 1697; baseline 0 -17"><span class='ocrx_word' id='word_1_39' title='bbox 163 1634 234 1680; x_wconf 90' lang='lat' dir='ltr'>rum</span> <span class='ocrx_word' id='word_1_40' title='bbox 250 1611 406 1682; x_wconf 89' lang='lat' dir='ltr'>noticiam</span> <span class='ocrx_word' id='word_1_41' title='bbox 422 1613 507 1680; x_wconf 91' lang='lat' dir='ltr'>serie</span> <span class='ocrx_word' id='word_1_42' title='bbox 522 1612 725 1697; x_wconf 89' lang='lat' dir='ltr'>presencium</span> <span class='ocrx_word' id='word_1_43' title='bbox 741 1611 961 1696; x_wconf 82' lang='lat' dir='ltr'>significamus</span> <span class='ocrx_word' id='word_1_44' title='bbox 978 1647 1021 1660; x_wconf 92' lang='lat'><em>-</em></span> <span class='ocrx_word' id='word_1_45' title='bbox 1037 1619 1080 1664; x_wconf 90' lang='lat'>-&#39;-</span> <span class='ocrx_word' id='word_1_46' title='bbox 1095 1637 1158 1678; x_wconf 89' lang='lat'>-:</span> <span class='ocrx_word' id='word_1_47' title='bbox 1190 1609 1284 1693; x_wconf 80' lang='lat' dir='ltr'>Quod</span> 
     </span>
     <span class='ocr_line' id='line_1_8' title="bbox 162 1719 1283 1806; baseline 0.003 -18"><span class='ocrx_word' id='word_1_48' title='bbox 162 1723 286 1792; x_wconf 84' lang='lat' dir='ltr'>Paulus</span> <span class='ocrx_word' id='word_1_49' title='bbox 303 1729 337 1789; x_wconf 90' lang='lat' dir='ltr'>et</span> <span class='ocrx_word' id='word_1_50' title='bbox 351 1719 494 1788; x_wconf 77' lang='lat' dir='ltr'>Thomas</span> <span class='ocrx_word' id='word_1_51' title='bbox 509 1720 570 1789; x_wconf 92' lang='lat' dir='ltr'>filii</span> <span class='ocrx_word' id='word_1_52' title='bbox 585 1721 748 1806; x_wconf 89' lang='lat' dir='ltr'>quondam</span> <span class='ocrx_word' id='word_1_53' title='bbox 767 1721 934 1806; x_wconf 87' lang='lat' dir='ltr'>Lemperti</span> <span class='ocrx_word' id='word_1_54' title='bbox 943 1773 953 1806; x_wconf 89' lang='lat'>,</span> <span class='ocrx_word' id='word_1_55' title='bbox 981 1721 1122 1792; x_wconf 77' lang='lat' dir='ltr'>Comites</span> <span class='ocrx_word' id='word_1_56' title='bbox 1147 1741 1283 1791; x_wconf 87' lang='lat' dir='ltr'>consan-</span> 
     </span>
     <span class='ocr_line' id='line_1_9' title="bbox 164 1810 1284 1916; baseline 0.001 -20"><span class='ocrx_word' id='word_1_57' title='bbox 164 1831 276 1916; x_wconf 79' lang='lat' dir='ltr'>guinei</span> <span class='ocrx_word' id='word_1_58' title='bbox 292 1837 325 1897; x_wconf 89' lang='lat' dir='ltr'>et</span> <span class='ocrx_word' id='word_1_59' title='bbox 340 1828 551 1896; x_wconf 87' lang='lat' dir='ltr'>diuisionales</span> <span class='ocrx_word' id='word_1_60' title='bbox 572 1828 689 1897; x_wconf 86' lang='lat' dir='ltr'>fratres</span> <span class='ocrx_word' id='word_1_61' title='bbox 709 1827 842 1895; x_wconf 75' lang='lat' dir='ltr'>domitis</span> <span class='ocrx_word' id='word_1_62' title='bbox 857 1829 1045 1915; x_wconf 84' lang='lat' dir='ltr'>Leustachij</span> <span class='ocrx_word' id='word_1_63' title='bbox 1064 1810 1097 1896; x_wconf 85' lang='lat' dir='ltr'>et</span> <span class='ocrx_word' id='word_1_64' title='bbox 1112 1830 1226 1897; x_wconf 87' lang='lat' dir='ltr'>Petrus</span> <span class='ocrx_word' id='word_1_65' title='bbox 1242 1829 1284 1898; x_wconf 89' lang='lat' dir='ltr'>de</span> 
     </span>
     <span class='ocr_line' id='line_1_10' title="bbox 163 1937 1336 2028; baseline -0.001 -21"><span class='ocrx_word' id='word_1_66' title='bbox 163 1937 421 2008; x_wconf 73' lang='lat' dir='ltr'>Icustachfalna</span> <span class='ocrx_word' id='word_1_67' title='bbox 438 1937 582 2020; x_wconf 80' lang='lat' dir='ltr'>Comites</span> <span class='ocrx_word' id='word_1_68' title='bbox 599 1937 778 2004; x_wconf 80' lang='lat' dir='ltr'>Comitatus</span> <span class='ocrx_word' id='word_1_69' title='bbox 788 1937 965 2007; x_wconf 85' lang='lat' dir='ltr'>Nitriensis</span> <span class='ocrx_word' id='word_1_70' title='bbox 981 1937 1025 2005; x_wconf 90' lang='lat' dir='ltr'>ad</span> <span class='ocrx_word' id='word_1_71' title='bbox 1041 1945 1186 2006; x_wconf 86' lang='lat' dir='ltr'>nostram</span> <span class='ocrx_word' id='word_1_72' title='bbox 1211 1959 1283 2026; x_wconf 90' lang='lat' dir='ltr'>per·</span> <span class='ocrx_word' id='word_1_73' title='bbox 1329 2007 1336 2028; x_wconf 67' lang='grc'>,</span> 
     </span>
     <span class='ocr_line' id='line_1_11' title="bbox 163 2043 1284 2140; baseline -0.001 -25"><span class='ocrx_word' id='word_1_74' title='bbox 163 2048 321 2116; x_wconf 80' lang='lat' dir='ltr'>sonaliter</span> <span class='ocrx_word' id='word_1_75' title='bbox 347 2043 504 2117; x_wconf 87' lang='lat' dir='ltr'>veniendo</span> <span class='ocrx_word' id='word_1_76' title='bbox 529 2047 732 2133; x_wconf 88' lang='lat' dir='ltr'>presenciam</span> <span class='ocrx_word' id='word_1_77' title='bbox 757 2045 900 2118; x_wconf 74' lang='lat' dir='ltr'>confessi</span> <span class='ocrx_word' id='word_1_78' title='bbox 916 2048 1089 2115; x_wconf 84' lang='lat' dir='ltr'>extiterunt</span> <span class='ocrx_word' id='word_1_79' title='bbox 1104 2048 1284 2140; x_wconf 84' lang='lat' dir='ltr'>ministerio</span> 
     </span>
     <span class='ocr_line' id='line_1_12' title="bbox 164 2143 1285 2244; baseline -0.001 -22"><span class='ocrx_word' id='word_1_80' title='bbox 164 2156 239 2222; x_wconf 89' lang='lat' dir='ltr'>nine</span> <span class='ocrx_word' id='word_1_81' title='bbox 253 2157 345 2224; x_wconf 87' lang='lat' dir='ltr'>noeis</span> <span class='ocrx_word' id='word_1_82' title='bbox 357 2205 358 2208; x_wconf 63' lang='lat'>,</span> <span class='ocrx_word' id='word_1_83' title='bbox 371 2177 480 2224; x_wconf 88' lang='lat' dir='ltr'>eorum</span> <span class='ocrx_word' id='word_1_84' title='bbox 504 2156 538 2221; x_wconf 91' lang='lat' dir='ltr'>in</span> <span class='ocrx_word' id='word_1_85' title='bbox 562 2156 648 2222; x_wconf 91' lang='lat' dir='ltr'>hunc</span> <span class='ocrx_word' id='word_1_86' title='bbox 672 2153 800 2225; x_wconf 92' lang='lat' dir='ltr'>modum</span> <span class='ocrx_word' id='word_1_87' title='bbox 811 2205 820 2239; x_wconf 91' lang='lat'><strong><em>,</em></strong></span> <span class='ocrx_word' id='word_1_88' title='bbox 845 2155 931 2239; x_wconf 87' lang='lat' dir='ltr'>quod</span> <span class='ocrx_word' id='word_1_89' title='bbox 947 2157 1011 2243; x_wconf 90' lang='lat' dir='ltr'>ipsi</span> <span class='ocrx_word' id='word_1_90' title='bbox 1027 2157 1060 2222; x_wconf 85' lang='lat' dir='ltr'>in</span> <span class='ocrx_word' id='word_1_91' title='bbox 1075 2143 1285 2244; x_wconf 84' lang='lat' dir='ltr'>possessione</span> 
     </span>
     <span class='ocr_line' id='line_1_13' title="bbox 165 2263 1284 2386; baseline 0.002 -54"><span class='ocrx_word' id='word_1_92' title='bbox 165 2285 275 2332; x_wconf 87' lang='lat' dir='ltr'>eorum</span> <span class='ocrx_word' id='word_1_93' title='bbox 305 2266 503 2386; x_wconf 55' lang='lat' dir='ltr'>hereditslria</span> <span class='ocrx_word' id='word_1_94' title='bbox 533 2266 623 2350; x_wconf 87' lang='lat' dir='ltr'>ipses</span> <span class='ocrx_word' id='word_1_95' title='bbox 656 2266 862 2350; x_wconf 79' lang='lat' dir='ltr'>contingente</span> <span class='ocrx_word' id='word_1_96' title='bbox 893 2263 1085 2333; x_wconf 80' lang='lat' dir='ltr'>Thelekfeld</span> <span class='ocrx_word' id='word_1_97' title='bbox 1117 2267 1284 2354; x_wconf 84' lang='lat' dir='ltr'>appellate</span> 
     </span>
     <span class='ocr_line' id='line_1_14' title="bbox 164 2371 1285 2464; baseline 0 -24"><span class='ocrx_word' id='word_1_98' title='bbox 164 2394 263 2442; x_wconf 84' lang='lat' dir='ltr'>vnam</span> <span class='ocrx_word' id='word_1_99' title='bbox 287 2375 480 2460; x_wconf 82' lang='lat' dir='ltr'>particulam</span> <span class='ocrx_word' id='word_1_100' title='bbox 506 2379 592 2440; x_wconf 89' lang='lat' dir='ltr'>terre</span> <span class='ocrx_word' id='word_1_101' title='bbox 618 2391 729 2440; x_wconf 91' lang='lat' dir='ltr'>eorum</span> <span class='ocrx_word' id='word_1_102' title='bbox 751 2371 886 2440; x_wconf 88' lang='lat' dir='ltr'>arabilis</span> <span class='ocrx_word' id='word_1_103' title='bbox 912 2373 1145 2460; x_wconf 86' lang='lat' dir='ltr'>quinquaginta</span> <span class='ocrx_word' id='word_1_104' title='bbox 1165 2375 1285 2464; x_wconf 85' lang='lat' dir='ltr'>jugera</span> 
     </span>
     <span class='ocr_line' id='line_1_15' title="bbox 165 2463 1284 2568; baseline 0.002 -18"><span class='ocrx_word' id='word_1_105' title='bbox 165 2483 218 2550; x_wconf 86' lang='lat' dir='ltr'>vel</span> <span class='ocrx_word' id='word_1_106' title='bbox 234 2483 316 2550; x_wconf 89' lang='lat' dir='ltr'>citra</span> <span class='ocrx_word' id='word_1_107' title='bbox 330 2485 393 2552; x_wconf 91' lang='lat' dir='ltr'>hoc</span> <span class='ocrx_word' id='word_1_108' title='bbox 408 2485 441 2550; x_wconf 91' lang='lat' dir='ltr'>in</span> <span class='ocrx_word' id='word_1_109' title='bbox 457 2503 494 2550; x_wconf 91' lang='lat' dir='ltr'>se</span> <span class='ocrx_word' id='word_1_110' title='bbox 504 2482 728 2550; x_wconf 85' lang='lat' dir='ltr'>continentem</span> <span class='ocrx_word' id='word_1_111' title='bbox 743 2501 809 2547; x_wconf 85' lang='lat' dir='ltr'>vna</span> <span class='ocrx_word' id='word_1_112' title='bbox 824 2463 895 2548; x_wconf 88' lang='lat' dir='ltr'>eum</span> <span class='ocrx_word' id='word_1_113' title='bbox 909 2481 1050 2568; x_wconf 82' lang='lat' dir='ltr'>virgulto</span> <span class='ocrx_word' id='word_1_114' title='bbox 1069 2485 1155 2568; x_wconf 83' lang='lat' dir='ltr'>wlgo</span> <span class='ocrx_word' id='word_1_115' title='bbox 1166 2501 1284 2552; x_wconf 84' lang='lat' dir='ltr'>wenes-</span> 
     </span>
     <span class='ocr_line' id='line_1_16' title="bbox 165 2585 1283 2680; baseline 0 -22"><span class='ocrx_word' id='word_1_116' title='bbox 165 2591 302 2659; x_wconf 85' lang='lat' dir='ltr'>harnzth</span> <span class='ocrx_word' id='word_1_117' title='bbox 317 2597 502 2680; x_wconf 90' lang='lat' dir='ltr'>nuncupato</span> <span class='ocrx_word' id='word_1_118' title='bbox 518 2590 561 2660; x_wconf 84' lang='lat' dir='ltr'>nd</span> <span class='ocrx_word' id='word_1_119' title='bbox 577 2589 690 2658; x_wconf 89' lang='lat' dir='ltr'>decem</span> <span class='ocrx_word' id='word_1_120' title='bbox 702 2589 822 2675; x_wconf 82' lang='lat' dir='ltr'>jugera</span> <span class='ocrx_word' id='word_1_121' title='bbox 837 2610 873 2656; x_wconf 88' lang='lat' dir='ltr'>sc</span> <span class='ocrx_word' id='word_1_122' title='bbox 890 2585 1084 2658; x_wconf 81' lang='lat' dir='ltr'>extendente</span> <span class='ocrx_word' id='word_1_123' title='bbox 1101 2589 1162 2658; x_wconf 87' lang='lat' dir='ltr'>sub</span> <span class='ocrx_word' id='word_1_124' title='bbox 1188 2589 1283 2658; x_wconf 90' lang='lat' dir='ltr'>metis</span> 
     </span>
     <span class='ocr_line' id='line_1_17' title="bbox 166 2697 1282 2792; baseline -0.001 -26"><span class='ocrx_word' id='word_1_125' title='bbox 166 2709 199 2766; x_wconf 91' lang='lat' dir='ltr'>et</span> <span class='ocrx_word' id='word_1_126' title='bbox 221 2702 397 2768; x_wconf 89' lang='lat' dir='ltr'>metatibus</span> <span class='ocrx_word' id='word_1_127' title='bbox 424 2701 509 2767; x_wconf 89' lang='lat' dir='ltr'>infra</span> <span class='ocrx_word' id='word_1_128' title='bbox 532 2698 740 2766; x_wconf 87' lang='lat' dir='ltr'>declarandis</span> <span class='ocrx_word' id='word_1_129' title='bbox 766 2699 806 2765; x_wconf 93' lang='lat' dir='ltr'>eb</span> <span class='ocrx_word' id='word_1_130' title='bbox 833 2697 1012 2776; x_wconf 87' lang='lat' dir='ltr'>remedium</span> <span class='ocrx_word' id='word_1_131' title='bbox 1029 2705 1062 2766; x_wconf 87' lang='lat' dir='ltr'>et</span> <span class='ocrx_word' id='word_1_132' title='bbox 1080 2699 1282 2792; x_wconf 81' lang='lat' dir='ltr'>refrigerium</span> 
     </span>
     <span class='ocr_line' id='line_1_18' title="bbox 167 2809 1283 2895; baseline -0.002 -19"><span class='ocrx_word' id='word_1_133' title='bbox 167 2810 347 2876; x_wconf 88' lang='lat' dir='ltr'>animarum</span> <span class='ocrx_word' id='word_1_134' title='bbox 365 2814 535 2895; x_wconf 91' lang='lat' dir='ltr'>parentum</span> <span class='ocrx_word' id='word_1_135' title='bbox 551 2809 704 2893; x_wconf 85' lang='lat' dir='ltr'>ipserum,</span> <span class='ocrx_word' id='word_1_136' title='bbox 721 2809 989 2892; x_wconf 78' lang='lat' dir='ltr'>predecessorum</span> <span class='ocrx_word' id='word_1_137' title='bbox 1008 2828 1126 2893; x_wconf 84' lang='lat' dir='ltr'>eornm,</span> <span class='ocrx_word' id='word_1_138' title='bbox 1143 2809 1283 2876; x_wconf 88' lang='lat' dir='ltr'>acselu·</span> 
     </span>
     <span class='ocr_line' id='line_1_19' title="bbox 166 2915 1284 3003; baseline -0.004 -17"><span class='ocrx_word' id='word_1_139' title='bbox 166 2925 232 2986; x_wconf 87' lang='lat' dir='ltr'>tem</span> <span class='ocrx_word' id='word_1_140' title='bbox 257 2919 439 2986; x_wconf 86' lang='lat' dir='ltr'>animarum</span> <span class='ocrx_word' id='word_1_141' title='bbox 463 2919 609 3003; x_wconf 89' lang='lat' dir='ltr'>ipsorum</span> <span class='ocrx_word' id='word_1_142' title='bbox 634 2935 922 2999; x_wconf 76' lang='lat' dir='ltr'>successorumque</span> <span class='ocrx_word' id='word_1_143' title='bbox 948 2937 1057 2984; x_wconf 89' lang='lat' dir='ltr'>corum</span> <span class='ocrx_word' id='word_1_144' title='bbox 1081 2915 1284 3002; x_wconf 87' lang='lat' dir='ltr'>adipissoen·</span> 
     </span>
     <span class='ocr_line' id='line_1_20' title="bbox 167 3025 1285 3112; baseline 0.001 -21"><span class='ocrx_word' id='word_1_145' title='bbox 167 3026 243 3095; x_wconf 92' lang='lat' dir='ltr'>dam</span> <span class='ocrx_word' id='word_1_146' title='bbox 267 3028 418 3096; x_wconf 84' lang='lat' dir='ltr'>Ecclesie</span> <span class='ocrx_word' id='word_1_147' title='bbox 442 3027 537 3092; x_wconf 80' lang='lat' dir='ltr'>Beati</span> <span class='ocrx_word' id='word_1_148' title='bbox 561 3025 693 3092; x_wconf 85' lang='lat' dir='ltr'>Martini</span> <span class='ocrx_word' id='word_1_149' title='bbox 718 3025 914 3094; x_wconf 87' lang='lat' dir='ltr'>confessoris</span> <span class='ocrx_word' id='word_1_150' title='bbox 930 3033 964 3092; x_wconf 89' lang='lat' dir='ltr'>et</span> <span class='ocrx_word' id='word_1_151' title='bbox 977 3025 1139 3112; x_wconf 89' lang='lat' dir='ltr'>pontilicis</span> <span class='ocrx_word' id='word_1_152' title='bbox 1154 3025 1188 3092; x_wconf 88' lang='lat' dir='ltr'>in</span> <span class='ocrx_word' id='word_1_153' title='bbox 1204 3026 1285 3092; x_wconf 84' lang='lat' dir='ltr'>villa</span> 
     </span>
     <span class='ocr_line' id='line_1_21' title="bbox 167 3123 1284 3222; baseline -0.001 -20"><span class='ocrx_word' id='word_1_154' title='bbox 167 3135 330 3222; x_wconf 80' lang='lat' dir='ltr'>Elephant</span> <span class='ocrx_word' id='word_1_155' title='bbox 346 3141 538 3219; x_wconf 86' lang='lat' dir='ltr'>constructe,</span> <span class='ocrx_word' id='word_1_156' title='bbox 556 3123 693 3200; x_wconf 81' lang='lat' dir='ltr'>ecclesie</span> <span class='ocrx_word' id='word_1_157' title='bbox 709 3133 892 3219; x_wconf 90' lang='lat' dir='ltr'>parochiali</span> <span class='ocrx_word' id='word_1_158' title='bbox 908 3125 1035 3201; x_wconf 87' lang='lat' dir='ltr'>seilicet</span> <span class='ocrx_word' id='word_1_159' title='bbox 1051 3154 1160 3204; x_wconf 89' lang='lat' dir='ltr'>eornm</span> <span class='ocrx_word' id='word_1_160' title='bbox 1177 3141 1210 3203; x_wconf 92' lang='lat' dir='ltr'>et</span> <span class='ocrx_word' id='word_1_161' title='bbox 1224 3155 1284 3220; x_wconf 91' lang='lat' dir='ltr'>per</span> 
     </span>
     <span class='ocr_line' id='line_1_22' title="bbox 168 3240 1285 3327; baseline -0.002 -15"><span class='ocrx_word' id='word_1_162' title='bbox 168 3264 240 3312; x_wconf 90' lang='lat' dir='ltr'>eam</span> <span class='ocrx_word' id='word_1_163' title='bbox 254 3244 385 3312; x_wconf 89' lang='lat' dir='ltr'>Rectori</span> <span class='ocrx_word' id='word_1_164' title='bbox 400 3263 456 3311; x_wconf 86' lang='lat' dir='ltr'>seu</span> <span class='ocrx_word' id='word_1_165' title='bbox 472 3244 664 3318; x_wconf 86' lang='lat' dir='ltr'>Rectoribus</span> <span class='ocrx_word' id='word_1_166' title='bbox 682 3243 826 3321; x_wconf 88' lang='lat' dir='ltr'>eiusdem</span> <span class='ocrx_word' id='word_1_167' title='bbox 842 3240 1031 3327; x_wconf 86' lang='lat' dir='ltr'>dedissent,</span> <span class='ocrx_word' id='word_1_168' title='bbox 1056 3243 1236 3310; x_wconf 85' lang='lat' dir='ltr'>donassent</span> <span class='ocrx_word' id='word_1_169' title='bbox 1252 3251 1285 3310; x_wconf 94' lang='lat' dir='ltr'>et</span> 
     </span>
     <span class='ocr_line' id='line_1_23' title="bbox 168 3347 1284 3442; baseline -0.002 -24"><span class='ocrx_word' id='word_1_170' title='bbox 168 3352 380 3421; x_wconf 86' lang='lat' dir='ltr'>contulissent</span> <span class='ocrx_word' id='word_1_171' title='bbox 394 3357 550 3442; x_wconf 84' lang='lat' dir='ltr'>perpetuo</span> <span class='ocrx_word' id='word_1_172' title='bbox 577 3355 611 3417; x_wconf 90' lang='lat' dir='ltr'>et</span> <span class='ocrx_word' id='word_1_173' title='bbox 633 3350 891 3416; x_wconf 88' lang='lat' dir='ltr'>irreuocabiliter</span> <span class='ocrx_word' id='word_1_174' title='bbox 905 3347 1158 3435; x_wconf 86' lang='lat' dir='ltr'>possidendam,</span> <span class='ocrx_word' id='word_1_175' title='bbox 1174 3357 1284 3416; x_wconf 89' lang='lat' dir='ltr'>tenen-</span> 
     </span>
     <span class='ocr_line' id='line_1_24' title="bbox 168 3455 1285 3546; baseline -0.002 -18"><span class='ocrx_word' id='word_1_176' title='bbox 168 3459 241 3528; x_wconf 85' lang='lat' dir='ltr'>dsm</span> <span class='ocrx_word' id='word_1_177' title='bbox 257 3461 440 3546; x_wconf 83' lang='lat' dir='ltr'>ingiterque</span> <span class='ocrx_word' id='word_1_178' title='bbox 456 3465 490 3526; x_wconf 92' lang='lat' dir='ltr'>et</span> <span class='ocrx_word' id='word_1_179' title='bbox 504 3457 745 3544; x_wconf 88' lang='lat' dir='ltr'>perhennaliter</span> <span class='ocrx_word' id='word_1_180' title='bbox 760 3455 965 3542; x_wconf 86' lang='lat' dir='ltr'>habendam;</span> <span class='ocrx_word' id='word_1_181' title='bbox 982 3478 1057 3544; x_wconf 86' lang='lat' dir='ltr'>ymo</span> <span class='ocrx_word' id='word_1_182' title='bbox 1073 3457 1216 3526; x_wconf 83' lang='lat' dir='ltr'>confessi</span> <span class='ocrx_word' id='word_1_183' title='bbox 1231 3479 1285 3526; x_wconf 84' lang='lat' dir='ltr'>ex·</span> 
     </span>
     <span class='ocr_line' id='line_1_25' title="bbox 167 3567 1285 3656; baseline 0 -22"><span class='ocrx_word' id='word_1_184' title='bbox 167 3571 301 3637; x_wconf 90' lang='lat' dir='ltr'>titernnt</span> <span class='ocrx_word' id='word_1_185' title='bbox 310 3569 454 3654; x_wconf 82' lang='lat' dir='ltr'>dedisse,</span> <span class='ocrx_word' id='word_1_186' title='bbox 468 3567 612 3637; x_wconf 86' lang='lat' dir='ltr'>donasse</span> <span class='ocrx_word' id='word_1_187' title='bbox 628 3574 660 3634; x_wconf 92' lang='lat' dir='ltr'>et</span> <span class='ocrx_word' id='word_1_188' title='bbox 676 3567 855 3634; x_wconf 89' lang='lat' dir='ltr'>contulisse</span> <span class='ocrx_word' id='word_1_189' title='bbox 871 3585 980 3632; x_wconf 87' lang='lat' dir='ltr'>eoram</span> <span class='ocrx_word' id='word_1_190' title='bbox 995 3567 1088 3636; x_wconf 84' lang='lat' dir='ltr'>nobis</span> <span class='ocrx_word' id='word_1_191' title='bbox 1103 3567 1285 3656; x_wconf 89' lang='lat' dir='ltr'>patrocinio</span> 
     </span>
     <span class='ocr_line' id='line_1_26' title="bbox 167 3667 1285 3764; baseline -0.001 -18"><span class='ocrx_word' id='word_1_192' title='bbox 167 3679 366 3764; x_wconf 87' lang='lat' dir='ltr'>presentium</span> <span class='ocrx_word' id='word_1_193' title='bbox 393 3678 565 3746; x_wconf 88' lang='lat' dir='ltr'>mediante.</span> <span class='ocrx_word' id='word_1_194' title='bbox 597 3679 683 3744; x_wconf 90' lang='lat' dir='ltr'>Mete</span> <span class='ocrx_word' id='word_1_195' title='bbox 708 3683 816 3743; x_wconf 90' lang='lat' dir='ltr'>antem</span> <span class='ocrx_word' id='word_1_196' title='bbox 831 3667 987 3762; x_wconf 82' lang='lat' dir='ltr'>predicte</span> <span class='ocrx_word' id='word_1_197' title='bbox 1011 3678 1170 3763; x_wconf 89' lang='lat' dir='ltr'>particule</span> <span class='ocrx_word' id='word_1_198' title='bbox 1201 3685 1285 3760; x_wconf 82' lang='lat' dir='ltr'>terre</span> 
     </span>
     <span class='ocr_line' id='line_1_27' title="bbox 168 3784 1286 3875; baseline 0 -21"><span class='ocrx_word' id='word_1_199' title='bbox 168 3793 334 3854; x_wconf 88' lang='lat' dir='ltr'>currerent</span> <span class='ocrx_word' id='word_1_200' title='bbox 349 3786 459 3854; x_wconf 89' lang='lat' dir='ltr'>ordine</span> <span class='ocrx_word' id='word_1_201' title='bbox 476 3787 704 3871; x_wconf 81' lang='lat' dir='ltr'>subsequenti3</span> <span class='ocrx_word' id='word_1_202' title='bbox 724 3787 777 3851; x_wconf 85' lang='lat' dir='ltr'>ita</span> <span class='ocrx_word' id='word_1_203' title='bbox 790 3784 943 3852; x_wconf 82' lang='lat' dir='ltr'>videlicet</span> <span class='ocrx_word' id='word_1_204' title='bbox 952 3836 961 3871; x_wconf 90' lang='lat'>‚</span> <span class='ocrx_word' id='word_1_205' title='bbox 978 3785 1064 3871; x_wconf 89' lang='lat' dir='ltr'>quod</span> <span class='ocrx_word' id='word_1_206' title='bbox 1079 3789 1183 3875; x_wconf 88' lang='lat' dir='ltr'>prima</span> <span class='ocrx_word' id='word_1_207' title='bbox 1197 3793 1286 3854; x_wconf 90' lang='lat' dir='ltr'>meta</span> 
     </span>
     <span class='ocr_line' id='line_1_28' title="bbox 168 3894 1285 3994; baseline 0 -32"><span class='ocrx_word' id='word_1_208' title='bbox 168 3895 325 3981; x_wconf 85' lang='lat' dir='ltr'>inciperet</span> <span class='ocrx_word' id='word_1_209' title='bbox 341 3916 362 3961; x_wconf 86' lang='lat' dir='ltr'>a</span> <span class='ocrx_word' id='word_1_210' title='bbox 378 3902 474 3980; x_wconf 86' lang='lat' dir='ltr'>parte</span> <span class='ocrx_word' id='word_1_211' title='bbox 491 3894 686 3964; x_wconf 83' lang='lat' dir='ltr'>occidentali</span> <span class='ocrx_word' id='word_1_212' title='bbox 702 3894 745 3960; x_wconf 88' lang='lat' dir='ltr'>ab</span> <span class='ocrx_word' id='word_1_213' title='bbox 761 3914 824 3961; x_wconf 87' lang='lat' dir='ltr'>vno</span> <span class='ocrx_word' id='word_1_214' title='bbox 841 3901 939 3981; x_wconf 90' lang='lat' dir='ltr'>puteo</span> <span class='ocrx_word' id='word_1_215' title='bbox 955 3901 1111 3981; x_wconf 86' lang='lat' dir='ltr'>promete</span> <span class='ocrx_word' id='word_1_216' title='bbox 1121 3894 1285 3994; x_wconf 77' lang='lat' dir='ltr'>deputato,</span> 
     </span>
     <span class='ocr_line' id='line_1_29' title="bbox 160 3993 1286 4092; baseline 0 -21"><span class='ocrx_word' id='word_1_217' title='bbox 160 3993 237 4088; x_wconf 69' lang='lat' dir='ltr'>&#39;illic</span> <span class='ocrx_word' id='word_1_218' title='bbox 262 4003 307 4073; x_wconf 87' lang='lat' dir='ltr'>ad</span> <span class='ocrx_word' id='word_1_219' title='bbox 332 4013 458 4092; x_wconf 84' lang='lat' dir='ltr'>partem</span> <span class='ocrx_word' id='word_1_220' title='bbox 483 4005 783 4091; x_wconf 89' lang='lat' dir='ltr'>septemtrionalem</span> <span class='ocrx_word' id='word_1_221' title='bbox 803 4005 969 4072; x_wconf 80' lang='lat' dir='ltr'>edisceret</span> <span class='ocrx_word' id='word_1_222' title='bbox 986 4006 1039 4073; x_wconf 83' lang='lat' dir='ltr'>ria</span> <span class='ocrx_word' id='word_1_223' title='bbox 1053 4005 1202 4092; x_wconf 81' lang='lat' dir='ltr'>publica3</span> <span class='ocrx_word' id='word_1_224' title='bbox 1227 4025 1286 4092; x_wconf 92' lang='lat' dir='ltr'>per</span> 
     </span>
     <span class='ocr_line' id='line_1_30' title="bbox 169 4111 1287 4199; baseline -0.001 -19"><span class='ocrx_word' id='word_1_225' title='bbox 169 4111 306 4180; x_wconf 84' lang='lat' dir='ltr'>eandem</span> <span class='ocrx_word' id='word_1_226' title='bbox 321 4114 410 4182; x_wconf 81' lang='lat' dir='ltr'>riam</span> <span class='ocrx_word' id='word_1_227' title='bbox 426 4111 583 4180; x_wconf 87' lang='lat' dir='ltr'>currendo</span> <span class='ocrx_word' id='word_1_228' title='bbox 597 4111 640 4180; x_wconf 92' lang='lat' dir='ltr'>de</span> <span class='ocrx_word' id='word_1_229' title='bbox 656 4111 772 4180; x_wconf 86' lang='lat' dir='ltr'>eadem</span> <span class='ocrx_word' id='word_1_230' title='bbox 789 4148 831 4161; x_wconf 90' lang='lat'>-</span> <span class='ocrx_word' id='word_1_231' title='bbox 843 4149 883 4162; x_wconf 89' lang='lat'>-</span> <span class='ocrx_word' id='word_1_232' title='bbox 895 4148 938 4160; x_wconf 93' lang='lat'>—</span> <span class='ocrx_word' id='word_1_233' title='bbox 963 4113 1142 4181; x_wconf 80' lang='lat' dir='ltr'>diverteret</span> <span class='ocrx_word' id='word_1_234' title='bbox 1156 4114 1199 4180; x_wconf 88' lang='lat' dir='ltr'>ad</span> <span class='ocrx_word' id='word_1_235' title='bbox 1214 4133 1287 4199; x_wconf 91' lang='lat' dir='ltr'>par·</span> 
     </span>
     <span class='ocr_line' id='line_1_31' title="bbox 169 4221 1286 4308; baseline -0.002 -18"><span class='ocrx_word' id='word_1_236' title='bbox 169 4230 233 4290; x_wconf 88' lang='lat' dir='ltr'>tem</span> <span class='ocrx_word' id='word_1_237' title='bbox 248 4222 441 4292; x_wconf 88' lang='lat' dir='ltr'>orientalem</span> <span class='ocrx_word' id='word_1_238' title='bbox 457 4228 491 4289; x_wconf 86' lang='lat' dir='ltr'>ct</span> <span class='ocrx_word' id='word_1_239' title='bbox 505 4221 690 4308; x_wconf 90' lang='lat' dir='ltr'>perueniret</span> <span class='ocrx_word' id='word_1_240' title='bbox 705 4223 750 4298; x_wconf 82' lang='lat' dir='ltr'>nd</span> <span class='ocrx_word' id='word_1_241' title='bbox 764 4242 859 4292; x_wconf 86' lang='lat' dir='ltr'>ruam</span> <span class='ocrx_word' id='word_1_242' title='bbox 885 4228 1005 4290; x_wconf 86' lang='lat' dir='ltr'>metam</span> <span class='ocrx_word' id='word_1_243' title='bbox 1023 4227 1161 4288; x_wconf 91' lang='lat' dir='ltr'>terream</span> <span class='ocrx_word' id='word_1_244' title='bbox 1176 4221 1209 4287; x_wconf 93' lang='lat' dir='ltr'>in</span> <span class='ocrx_word' id='word_1_245' title='bbox 1225 4221 1286 4288; x_wconf 81' lang='lat' dir='ltr'>vir-</span> 
     </span>
     <span class='ocr_line' id='line_1_32' title="bbox 169 4329 1288 4418; baseline -0.001 -21"><span class='ocrx_word' id='word_1_246' title='bbox 169 4332 258 4415; x_wconf 83' lang='lat' dir='ltr'>gulto</span> <span class='ocrx_word' id='word_1_247' title='bbox 285 4340 446 4418; x_wconf 85' lang='lat' dir='ltr'>erectam;</span> <span class='ocrx_word' id='word_1_248' title='bbox 477 4331 596 4400; x_wconf 90' lang='lat' dir='ltr'>deinde</span> <span class='ocrx_word' id='word_1_249' title='bbox 621 4333 665 4398; x_wconf 87' lang='lat' dir='ltr'>sd</span> <span class='ocrx_word' id='word_1_250' title='bbox 690 4330 825 4398; x_wconf 90' lang='lat' dir='ltr'>eandem</span> <span class='ocrx_word' id='word_1_251' title='bbox 849 4337 975 4416; x_wconf 86' lang='lat' dir='ltr'>partem</span> <span class='ocrx_word' id='word_1_252' title='bbox 1001 4329 1193 4398; x_wconf 82' lang='lat' dir='ltr'>orientalem</span> <span class='ocrx_word' id='word_1_253' title='bbox 1220 4347 1288 4396; x_wconf 91' lang='lat' dir='ltr'>eur·</span> 
     </span>
     <span class='ocr_line' id='line_1_33' title="bbox 171 4421 1288 4534; baseline 0.002 -31"><span class='ocrx_word' id='word_1_254' title='bbox 171 4439 269 4508; x_wconf 92' lang='lat' dir='ltr'>rendo</span> <span class='ocrx_word' id='word_1_255' title='bbox 283 4440 470 4534; x_wconf 88' lang='lat' dir='ltr'>perueniret</span> <span class='ocrx_word' id='word_1_256' title='bbox 484 4441 529 4507; x_wconf 84' lang='lat' dir='ltr'>ed</span> <span class='ocrx_word' id='word_1_257' title='bbox 543 4457 641 4506; x_wconf 88' lang='lat' dir='ltr'>vnum</span> <span class='ocrx_word' id='word_1_258' title='bbox 657 4437 818 4506; x_wconf 88' lang='lat' dir='ltr'>fossatum</span> <span class='ocrx_word' id='word_1_259' title='bbox 835 4421 977 4522; x_wconf 78' lang='lat' dir='ltr'>longum,</span> <span class='ocrx_word' id='word_1_260' title='bbox 993 4443 1025 4503; x_wconf 92' lang='lat' dir='ltr'>et</span> <span class='ocrx_word' id='word_1_261' title='bbox 1034 4456 1092 4522; x_wconf 93' lang='lat' dir='ltr'>per</span> <span class='ocrx_word' id='word_1_262' title='bbox 1103 4437 1210 4522; x_wconf 88' lang='lat' dir='ltr'>ipsum</span> <span class='ocrx_word' id='word_1_263' title='bbox 1223 4435 1288 4506; x_wconf 88' lang='lat' dir='ltr'>fos-</span> 
     </span>
     <span class='ocr_line' id='line_1_34' title="bbox 171 4543 1398 4636; baseline 0.001 -22"><span class='ocrx_word' id='word_1_264' title='bbox 171 4555 276 4616; x_wconf 87' lang='lat' dir='ltr'>satum</span> <span class='ocrx_word' id='word_1_265' title='bbox 300 4551 345 4618; x_wconf 89' lang='lat' dir='ltr'>ad</span> <span class='ocrx_word' id='word_1_266' title='bbox 371 4555 496 4636; x_wconf 91' lang='lat' dir='ltr'>partem</span> <span class='ocrx_word' id='word_1_267' title='bbox 514 4547 758 4616; x_wconf 84' lang='lat' dir='ltr'>meridionalem</span> <span class='ocrx_word' id='word_1_268' title='bbox 789 4545 943 4614; x_wconf 87' lang='lat' dir='ltr'>currendo</span> <span class='ocrx_word' id='word_1_269' title='bbox 958 4545 1144 4630; x_wconf 90' lang='lat' dir='ltr'>perueniret</span> <span class='ocrx_word' id='word_1_270' title='bbox 1159 4543 1202 4612; x_wconf 87' lang='lat' dir='ltr'>ad</span> <span class='ocrx_word' id='word_1_271' title='bbox 1216 4545 1288 4611; x_wconf 86' lang='lat' dir='ltr'>riw·</span> <span class='ocrx_word' id='word_1_272' title='bbox 1395 4609 1398 4615; x_wconf 89' lang='lat'>.</span> 
     </span>
     <span class='ocr_line' id='line_1_35' title="bbox 171 4655 1288 4746; baseline -0.002 -24"><span class='ocrx_word' id='word_1_273' title='bbox 171 4657 235 4726; x_wconf 87' lang='lat' dir='ltr'>lum</span> <span class='ocrx_word' id='word_1_274' title='bbox 256 4656 438 4746; x_wconf 88' lang='lat' dir='ltr'>predictam</span> <span class='ocrx_word' id='word_1_275' title='bbox 463 4665 552 4726; x_wconf 87' lang='lat' dir='ltr'>terre</span> <span class='ocrx_word' id='word_1_276' title='bbox 576 4657 768 4743; x_wconf 86' lang='lat' dir='ltr'>particulam</span> <span class='ocrx_word' id='word_1_277' title='bbox 794 4662 894 4724; x_wconf 90' lang='lat' dir='ltr'>totam</span> <span class='ocrx_word' id='word_1_278' title='bbox 910 4675 951 4722; x_wconf 84' lang='lat' dir='ltr'>ex</span> <span class='ocrx_word' id='word_1_279' title='bbox 966 4661 1061 4743; x_wconf 82' lang='lat' dir='ltr'>purte</span> <span class='ocrx_word' id='word_1_280' title='bbox 1075 4655 1181 4743; x_wconf 87' lang='lat' dir='ltr'>ipsius</span> <span class='ocrx_word' id='word_1_281' title='bbox 1195 4655 1288 4722; x_wconf 89' lang='lat' dir='ltr'>meri-</span> 
     </span>
     <span class='ocr_line' id='line_1_36' title="bbox 226 4765 1137 4831; baseline 0.001 -1"><span class='ocrx_word' id='word_1_282' title='bbox 226 4779 707 4831; x_wconf 77' lang='lat' dir='ltr'>uonumueno.mer.-orro.e·</span> <span class='ocrx_word' id='word_1_283' title='bbox 1088 4765 1137 4831; x_wconf 84' lang='lat'>11·</span> 
     </span>
    </p>
   </div>
   <div class='ocr_carea' id='block_1_4' title="bbox 0 0 1621 5066">
    <p class='ocr_par' dir='ltr' id='par_1_4' title="bbox 0 0 1621 5066">
     <span class='ocr_line' id='line_1_37' title="bbox 0 0 1621 5066; baseline 0 0"><span class='ocrx_word' id='word_1_284' title='bbox 0 0 1621 5066; x_wconf 95' lang='lat' dir='ltr'> </span> 
     </span>
    </p>
   </div>
  </div>
 </body>
</html>
