3222 5054
736 281 898 381 ,ῃρ-

253 479 596 565 Quinqueecclesiensi
611 485 646 548 et
660 477 780 548 dilecto
796 479 863 548 filio
873 479 912 548 G.
923 482 1060 550 Deaano
1076 483 1190 550 Sancti
1198 483 1287 551 Petri
1297 486 1383 553 Lau-

253 587 410 656 dunensis
427 585 548 654 nostris
565 605 665 672 super
679 584 741 652 hoc
763 587 880 655 litteris
896 587 1080 672 destinatis,
1102 591 1162 657 sed
1178 591 1228 657 eis
1244 593 1278 660 in
1292 613 1382 660 man-

251 696 321 763 dati
336 694 440 762 nostri
455 691 647 760 executione
662 694 868 780 tepentibus,
895 703 928 763 et
954 697 1190 781 crucesignatis
1216 699 1295 786 ipsis
1319 721 1383 769 non

251 803 438 871 curantibus
463 801 582 885 exequi
608 808 686 868 vota
710 821 792 884 sua,
818 804 941 871 nultum
957 805 1046 872 dicto
1062 805 1202 892 Imperio
1218 807 1260 873 dc
1274 809 1382 894 provi·

250 913 342 979 sione
358 918 471 978 nostra
488 908 691 976 commodum
709 917 761 978 est
777 917 933 978 secutum.
945 912 1031 991 Quia
1043 931 1121 980 vero
1134 915 1299 997 negotium
1308 936 1380 1002 pre-

249 1019 308 1086 fati
324 1020 455 1106 Imperii
471 1017 595 1086 auxilio
624 1017 749 1102 indiget
773 1018 951 1106 festinato,
977 1020 1095 1114 nedum
1122 1022 1228 1090 adhuc
1252 1032 1381 1110 tempus

250 1129 389 1197 subsidii
404 1127 576 1214 prestandi
592 1125 740 1193 differtur
749 1178 758 1211 ,
778 1125 1015 1196 interveniente
1032 1149 1143 1214 mora,
1169 1130 1257 1214 quod
1281 1132 1380 1210 absit,

249 1238 302 1304 cui
315 1235 479 1303 subreniri
494 1234 616 1319 valeat,
633 1253 696 1300 non
714 1234 836 1302 existat
845 1285 854 1320 ,
881 1241 914 1302 et
938 1237 986 1302 sic
1010 1237 1142 1323 negotio
1158 1244 1242 1304 terre
1261 1237 1380 1305 Sancte

249 1345 344 1430 quasi
369 1344 502 1430 penitus
526 1341 704 1430 desperato
720 1348 864 1426 nequeat
880 1345 1048 1412 commode
1063 1345 1253 1426 subreniri,
1276 1351 1379 1414 atten-

248 1453 374 1538 dcntes,
391 1449 482 1535 quod
497 1450 560 1517 etsi
576 1451 794 1516 voluntarium
812 1454 854 1518 sit
870 1473 1000 1540 vovere,
1012 1459 1123 1519 votum
1139 1461 1249 1519 tameo
1266 1471 1378 1520 neces·

248 1561 334 1628 sario
360 1566 412 1628 est
436 1555 653 1643 reddendum,
679 1579 752 1624 cum
778 1559 869 1630 dicat
893 1559 1053 1626 Dominus
1079 1579 1138 1646 per
1162 1561 1376 1646 prophetam:

251 1669 398 1754 „Vovete
415 1673 448 1733 et
463 1666 590 1734 reddite
606 1667 747 1733 Domino
763 1667 834 1735 Deo
851 1665 993 1753 vestro“;
1019 1669 1217 1736 fraternitati
1241 1675 1295 1734 tue
1319 1687 1379 1753 per

248 1775 438 1863 Apostolica
454 1775 575 1861 scripta
591 1773 740 1840 districte
756 1773 973 1862 precipiendd'
985 1775 1199 1861 mandamus,
1218 1781 1378 1860 quatenus

246 1884 403 1973 predictis
418 1883 538 1951 litteris
553 1883 597 1950 ad
613 1883 748 1950 eosdem
764 1881 964 1970 Episcopum
991 1891 1024 1952 et
1049 1885 1216 1951 Decanum
1236 1883 1377 1951 obtentis

246 1995 458 2078 nequaquam
474 1991 699 2076 obstantibus,
716 1997 915 2059 memoratos
930 1993 1070 2077 milites,
1095 2011 1176 2076 quos
1192 1999 1228 2058 tn
1244 1991 1377 2058 duxeris

247 2101 428 2189 eligendos,
444 2099 621 2168 efficaciter
636 2119 771 2167 moneas
788 2105 822 2166 et
838 2099 976 2168 inducas
985 2150 993 2184 ‚
1014 2109 1050 2168 ut
1065 2107 1143 2168 vota
1159 2119 1220 2168 sua
1235 2097 1376 2166 Domino

248 2211 447 2292 exolventes,
459 2227 532 2276 cum
542 2207 675 2275 familiis
692 2208 760 2274 suis
778 2207 1011 2295 crucesignatis
1026 2209 1081 2275 vel
1096 2207 1129 2274 in
1145 2214 1232 2274 terre
1244 2207 1376 2290 Sancte,

246 2321 300 2389 vcl
315 2318 349 2384 in
364 2335 554 2385 succursum
579 2315 711 2404 Imperii
735 2316 933 2403 supradicti,
958 2317 1096 2384 termino
1121 2335 1218 2401 quem
1242 2313 1375 2382 duxeris

244 2423 487 2514 prefigendum‚
502 2424 660 2492 studeant
677 2428 784 2491 tecum
800 2425 867 2510 ire,
882 2427 973 2511 ipsos
988 2425 1032 2492 ad
1048 2423 1100 2510 id,
1125 2426 1155 2492 si
1170 2421 1302 2491 monitis
1318 2441 1373 2490 ac·

246 2535 417 2623 quiescere
433 2531 517 2600 forte
534 2532 708 2616 noluerint,
725 2553 786 2618 per
801 2551 970 2600 censuram
982 2532 1250 2618 ecclesiasticam,
1260 2532 1374 2618 appel·

245 2644 368 2712 latione
383 2647 528 2724 remota,
547 2639 765 2726 compellens,
783 2659 942 2709 concessa
955 2641 1022 2708 illis
1038 2639 1256 2726 indulgentia,
1274 2658 1373 2724 quam

204 2812 209 2822 .
244 2751 414 2836 baberent,
432 2749 461 2816 si
476 2749 730 2816 transfretarent
745 2749 778 2815 in
796 2747 974 2817 subsidium
990 2753 1077 2816 terre
1092 2748 1222 2814 Sancte.
1249 2745 1372 2816 Datum

246 2861 351 2930 Beate
367 2859 409 2926 IL
425 2856 503 2925 Idus
519 2855 701 2943 Februarii,
717 2853 931 2925 Pontificatns
947 2857 1051 2926 nostri
1067 2874 1152 2924 anno
1168 2855 1289 2940 quinto.

293 3052 357 3127 (IX.
376 3049 505 3125 Gergely
522 3047 601 3125 pdps
617 3047 813 3125 Regestdibdl,
835 3051 963 3110 Tbeiner
979 3051 1010 3108 id
1028 3068 1065 3108 m.
1084 3051 1107 3109 I.
1125 3051 1185 3110 tot
1204 3049 1266 3110 loa
1284 3051 1317 3126 1.)

678 3331 936 3347 m
