3222 5054
849 296 916 366 304

797 385 958 398 -ιι--ι-ι-

316 489 420 558 irstre
435 487 585 558 Marcelli
607 488 764 558 Nitriensi
783 494 816 558 ei
837 491 1006 576 Stephano
1028 489 1233 558 Bioboriensi
1248 489 1437 577 Comitibus,

315 597 454 666 Nieolao
470 597 628 684 Magistro
642 595 908 668 'lawernioorum
924 605 958 668 et
973 596 1097 666 comite
1114 597 1324 683 Posoniensi,
1347 600 1438 669 lisu-

315 705 390 773 ritio
413 706 642 793 Dspiferorum
651 753 661 790 ‚
684 705 847 776 llieheele
862 709 1073 795 lignosum,
1090 711 1124 772 et
1138 705 1244 790 Begin
1260 707 1438 775 Pinoerna-

314 832 384 880 rum
408 815 594 898 Magistris,
611 821 644 882 et
659 805 735 884 aliis
752 835 849 898 quem
870 815 1020 902 pluribus
1036 814 1217 883 Comitatus
1241 817 1437 886 tenentibus.

227 981 229 986 ,
314 923 422 1010 Regni
437 923 540 992 nostri
558 942 645 991 anno
662 923 835 992 trieesimo.

312 1130 370 1208 (Aa
389 1134 497 1194 eredeti
516 1133 588 1194 utin
607 1135 699 1208 Weis,
724 1135 884 1283 Ukkunden
891 1138 947 1282 glos
954 1133 1287 1284 lcistercienses-illidor
1299 1135 1436 1212 Heiligen

654 1281 658 1288 ,
784 1232 872 1297 reutu,
910 1229 935 1284 2.
967 1229 986 1299 .)

737 1509 1004 1520 ———-.--.-......

837 1840 914 1906 185.

309 2027 359 2093 ΙΙ.
375 2023 485 2092 Endre
505 2017 613 2107 kirdly
636 2040 658 2082 u
679 2017 890 2108 molpdlutban
921 2016 1058 2106 eloppott
1072 2017 1170 2083 Deire
1185 2019 1280 2108 iopen
1294 2020 1434 2110 ifjahprp

301 2133 418 2221 fldnule
429 2182 439 2218 ,
464 2127 666 2206 ediderat,
691 2149 713 2191 a
737 2127 833 2213 Liptd
853 2129 1031 2213 admnopyei
1050 2123 1181 2212 lefalm
1206 2127 1432 2219 admyma·

818 2235 917 2298 1233.

416 2449 566 2519 Andreas
589 2445 654 2520 Dei
671 2448 784 2534 grsoia
807 2447 978 2531 Hungorie
993 2451 1064 2517 Rex
1087 2451 1237 2520 omnibus
1253 2451 1375 2524 (ibristi
1395 2457 1430 2522 i-

309 2561 438 2630 delibus
459 2567 528 2627 tam
548 2555 754 2646 presentibus
778 2575 875 2639 quam
898 2557 1040 2643 posteris
1055 2557 1180 2625 litteras
1196 2567 1366 2644 presentes
1382 2565 1432 2634 in·

307 2669 469 2760 spectaris
493 2667 632 2734 salutem
649 2669 681 2730 et
696 2681 791 2729 omne
806 2661 935 2730 bonurn.
959 2663 1013 2730 Ad
1032 2663 1256 2732 uniuersorum
1274 2674 1341 2735 tem
1357 2689 1429 2755 pre-

308 2777 453 2848 senoium
470 2793 567 2859 quam
584 2779 787 2858 posterorum
810 2769 966 2838 noticiam
981 2771 1129 2840 uolumus
1144 2775 1327 2863 peruenire,
1344 2780 1430 2861 quod

306 2906 367 2956 nos
389 2883 540 2966 Nicetes,
563 2879 630 2946 filio
646 2879 784 2961 iuniori,
809 2879 934 2945 Detrioi
949 2879 1084 2948 Comitis
1107 2878 1218 2951 fidelis
1234 2887 1357 2971 nostri,
1374 2889 1431 2970 qui

305 2995 400 3062 nobis
423 2997 491 3056 tem
513 2989 548 3054 in
563 2987 688 3072 Regno,
705 3007 803 3070 quam
819 2972 1078 3072 extra'Regnum
1101 2985 1241 3056 fideliter
1257 2996 1290 3058 et
1303 2993 1431 3062 indesi-

306 3107 421 3170 nenter
444 3095 639 3180 deseruiuit,
664 3100 696 3161 et
719 3095 753 3161 in
776 3101 885 3163 nostro
905 3092 1045 3162 seruioio
1068 3095 1114 3163 ad
1133 3094 1337 3184 decrepitam
1361 3102 1428 3169 ism

304 3208 454 3297 peruenit
472 3211 614 3284 etatem,
636 3201 740 3289 ipsius
762 3201 942 3272 fidelitates
966 3209 999 3270 et
1019 3202 1160 3270 seruicia
1183 3205 1429 3291 ingratitudinis

304 3315 439 3385 sileuoio
453 3316 604 3381 nolentes
619 3310 787 3396 preterire,
803 3312 863 3377 sed
879 3312 913 3376 in
928 3310 1093 3394 condigna
1108 3312 1306 3396 premiorum
1320 3335 1428 3384 remu·

302 3423 478 3491 neraoione
493 3417 673 3488 retribuere
689 3418 915 3502 intendentes,
936 3415 1100 3502 quandam
1118 3423 1428 3502 terrameninsdsm

303 3531 382 3598 uille
397 3528 526 3597 nomine
542 3525 707 3614 Oyuioluu
715 3575 725 3611 ,
749 3526 846 3593 sitam
862 3533 896 3593 et
910 3526 1070 3596 iuuentem
1088 3527 1121 3593 in
1138 3525 1285 3616 hypseo,
1302 3551 1367 3617 que
1382 3533 1427 3601 sd

303 3636 449 3726 predium
472 3641 619 3703 nostrum
641 3633 845 3720 pertinebat,
866 3653 938 3700 eum
958 3633 1083 3702 eisdem
1107 3637 1205 3703 metis
1219 3643 1254 3708 et
1268 3640 1425 3725 terminis,

303 3745 419 3832 quibus
441 3751 540 3812 antea
559 3749 593 3810 et
610 3750 746 3810 eotenus
768 3741 908 3810 terminu
930 3741 1074 3827 undique
1092 3748 1125 3809 et
1142 3742 1301 3813 distinete
1325 3749 1426 3818 exsti·

302 3858 406 3936 terat‚
430 3849 624 3919 contulimus
647 3849 714 3938 ipsi
744 3850 883 3918 Nioolao
909 3857 943 3918 et
965 3850 1069 3937 ipsius
1093 3847 1269 3922 heredibus
1295 3855 1328 3921 iu
1353 3873 1426 3942 per·

303 3965 433 4048 petuum
474 3956 716 4046 possidendam.
757 3959 795 4024 In
828 3959 922 4026 ouius
959 3964 1045 4026 terre
1084 3959 1328 4043 possessiouem
1366 3983 1426 4050 per

301 4067 433 4136 fidelem
470 4071 616 4136 nost-rum
654 4063 849 4154 pristaldum
887 4065 1110 4134 Alexandrum
1150 4067 1347 4156 ousiierum,
1387 4069 1423 4137 ii·

300 4175 380 4242 linm
399 4176 494 4262 bloys
511 4171 669 4258 Comitis,
692 4173 887 4242 auctoritate
907 4173 1014 4259 Regis
1035 4171 1141 4258 ipsum
1163 4174 1301 4245 ieoimus
1322 4179 1424 4248 intro·

300 4281 386 4350 duei.
410 4283 453 4351 Vt
476 4281 574 4368 igitur
596 4279 659 4348 heo
681 4299 704 4349 s
727 4279 822 4349 nobis
845 4281 937 4354 iaetu
960 4281 1143 4352 liberaliter
1161 4281 1303 4354 donaeio
1325 4287 1424 4357 sotus

301 4408 433 4477 semper
447 4395 481 4455 et
495 4389 690 4458 inconeussa
706 4397 900 4475 permaneat
917 4389 952 4458 in
966 4396 1130 4478 posteros,
1149 4409 1214 4474 nee
1228 4391 1350 4464 nostris
1364 4415 1422 4464 un·

302 4513 399 4576 quem
424 4513 484 4561 seu
505 4501 688 4564 nostrorum
711 4513 935 4566 suoeessorum
957 4497 1159 4584 temporibus
1182 4501 1295 4569 ualeat
1314 4509 1421 4589 retra-

301 4599 404 4682 etari,
428 4607 611 4686 presentem
628 4603 849 4673 eoneessimus
872 4607 1029 4692 peginam
1043 4603 1183 4690 duplieis
1197 4605 1300 4693 sigilli
1314 4611 1423 4679 nostri
