3222 5054
185 1073 242 1140 IX.
260 1070 392 1158 Gerpelp
402 1073 494 1158 pulpa
518 1045 1129 1162 oz'clprdbipltepo'lcsrdmdraomapyur
1145 1031 1304 1164 birdlyoloss

382 1179 447 1245 reale
462 1178 528 1243 tb’bb
539 1178 792 1266 pricilopiumac't
807 1181 916 1246 erdeltc’
933 1203 1008 1267 cnop.
1025 1183 1125 1250 1227.

295 1357 470 1443 Gregorius
480 1358 662 1446 Episcopus
679 1365 740 1426 etc.
757 1361 939 1428 venerabili
954 1359 1048 1427 fratri
1065 1411 1073 1428 .
1091 1411 1099 1430 .
1117 1411 1124 1427 .
1141 1363 1306 1452 Episcopo
1388 1437 1391 1446 Δ

187 1468 399 1552 Zagrabiensi
425 1469 564 1534 salntem
580 1475 640 1534 etc.
658 1465 801 1552 Dignum
816 1475 865 1536 est
881 1475 914 1536 et
930 1459 1127 1536 conueniens
1136 1521 1145 1554 ‚
1172 1477 1207 1538 ut
1231 1473 1306 1558 hiis,

186 1596 248 1660 que
265 1569 445 1659 a‘uegiuus
462 1583 494 1643 et
509 1577 715 1662 Principibus
731 1575 925 1644 Christianis
941 1598 999 1664 pro
1009 1577 1231 1646 Ecclesiarurn
1246 1582 1306 1648 uti·

185 1683 333 1752 litatibne
350 1687 553 1768 statuuntur,
579 1684 682 1752 Sedes
697 1683 888 1770 Apostolica
897 1735 906 1768 ,
932 1705 996 1768 que
1012 1691 1140 1755 tenetur
1155 1685 1307 1772 prolecti-

186 1796 248 1864 bns
263 1793 406 1880 ipsarum
422 1793 625 1877 prospicere,
642 1791 788 1858 favorem
804 1792 978 1875 exhibeat,
995 1800 1029 1858 et
1044 1799 1081 1860 ut
1096 1813 1137 1860 ea
1153 1799 1308 1862 maneant

187 1901 391 1983 inconcussa,
408 1897 556 1983 diligenti
572 1896 691 1964 debeat
706 1899 927 1966 sollieitudine
942 1899 1125 1983 providere.
1152 1899 1200 1967 Te
1216 1921 1306 1985 saue,

186 2008 386 2076 uenerabilis
397 2007 428 2072 in
440 2005 566 2078 Christo
583 2006 693 2090 frater,
713 2005 1090 2098 insinuantedidicimus,
1103 2006 1308 2091 quodinclite

186 2114 422 2202 recordationis
446 2116 555 2199 Reges
579 2113 685 2200 Regni
709 2111 872 2200 Ungarie‚
898 2132 959 2180 nec
985 2133 1049 2180 uon
1074 2113 1186 2180 Duces
1202 2117 1308 2182 etalii

179 2215 310 2290 ¹Christi
324 2221 438 2288 fideles
453 2222 560 2306 Regni
576 2222 730 2307 eiusdem,
744 2221 827 2288 sieut
843 2239 885 2286 ex
901 2220 1082 2306 privilegiis
1097 2227 1237 2308 apparet
1254 2243 1306 2292 eo·
1363 2269 1365 2274 -
1405 2279 1407 2292 .

135 2321 139 2330 ’
185 2337 267 2417 nim,
283 2331 417 2419 predia,
443 2331 668 2416 possessiones
693 2336 725 2396 et
748 2328 892 2397 redditus
916 2326 1131 2416 Zagrabieudi
1161 2329 1309 2398 Ecclesie

187 2441 321 2528 pietatis
344 2437 460 2510 intuitu
485 2439 708 2522 contulerunt,
733 2457 774 2504 ac
799 2437 887 2502 clare
912 2437 1065 2504 memorie
1087 2433 1308 2526 H(emcricus)

187 2550 259 2616 Rex
275 2547 421 2633 Ungarie
437 2545 596 2630 quasdam
610 2543 744 2610 indulsit
760 2545 928 2612 libertates
954 2552 986 2610 et
1009 2546 1228 2624 immunitates
1251 2567 1309 2634 po-

188 2657 274 2744 pulis
291 2655 435 2724 eiusdem
451 2653 609 2740 Ecclesie,
625 2659 658 2721 ct
673 2638 836 2736 quosdam
846 2650 991 2718 redditus
1009 2653 1223 2738 Zagrabiensi
1233 2656 1310 2741 Epi·

190 2785 289 2852 scopo
306 2765 438 2830 contulit
454 2784 493 2831 ac
510 2761 712 2830 confirmavit
726 2780 785 2844 per
799 2759 1005 2856 priuilegium
1021 2759 1175 2846 speciale.
1204 2763 1312 2830 Garis-

189 2877 292 2944 simus
309 2891 435 2957 quoque
451 2870 483 2934 in
501 2868 630 2934 Christo
647 2867 733 2934 lilius
750 2873 862 2932 noster
878 2864 1060 2952 A(ndreas)
1076 2870 1146 2935 Rex
1162 2868 1310 2954 Ungaro·

190 3005 259 3052 rum
274 2957 416 3050 illustris
433 2978 558 3047 eisdem
574 2975 703 3062 populis
721 2973 879 3060 quasdam
895 2975 1066 3042 libertates
1083 2983 1115 3042 et
1131 2976 1310 3046 immunita-

191 3103 242 3160 tes
267 3088 419 3172 indulsit;
447 3087 502 3170 qui
526 3085 635 3168 etiam,
653 3081 736 3166 quod
755 3081 892 3167 predicti
907 3069 1021 3168 Reges·
1032 3089 1064 3149 et
1078 3083 1191 3152 Duces
1207 3091 1240 3152 ct
1254 3085 1312 3151 alii

191 3205 357 3284 fecerant,
374 3183 584 3284 approbavit5
610 3193 772 3260 concessit
788 3192 929 3275 quedam
945 3193 1086 3277 insuper,
1104 3199 1136 3258 et
1152 3191 1312 3277 specialia

192 3307 369 3398 superbiis
385 3305 487 3373 edidit
502 3303 649 3370 instituta
658 3351 667 3385 ,
694 3300 778 3366 sicut
792 3298 825 3365 in
842 3298 911 3364 cius
927 3297 1106 3382 privilegiis
1121 3297 1253 3364 munitis
1269 3297 1312 3364 si-

194 3421 273 3506 gillo
300 3435 395 3483 cereo
419 3421 452 3479 et
475 3411 566 3478 bulla
591 3428 691 3477 aurea
715 3408 904 3472 continetur.
921 3407 991 3472 Nos
1008 3423 1084 3488 ergo
1100 3404 1313 3484 fraternitatis

194 3535 249 3594 tue
265 3523 414 3615 precibus
431 3518 590 3602 inclinati,
608 3515 693 3601 quod
708 3538 729 3582 a
745 3511 898 3600 predictis
914 3511 1090 3598 superbiis
1107 3510 1241 3598 pietatis
1257 3511 1312 3577 ob-

195 3641 287 3703 tentu
304 3631 507 3714 estfactum,
524 3625 715 3692 auctoritato
739 3621 929 3708 Apostolica
945 3617 1179 3708 confirmamus,
1196 3626 1227 3686 et
1241 3640 1312 3706 pro·
1429 3699 1432 3710 Ι

196 3742 299 3812 sentis
327 3739 442 3826 scripti
468 3733 649 3824 patrocinio
675 3729 915 3802 communimus.
948 3729 999 3796 Ad
1023 3730 1178 3795 maiorem
1204 3734 1313 3796 autem

195 3849 355 3920 cantelam
380 3854 510 3914 tenores
534 3843 775 3930 privilegiorum
790 3840 929 3925 ipsorum
947 3837 988 3906 de
1004 3839 1103 3904 verbo
1120 3836 1163 3904 ad
1180 3838 1312 3906 verbum

196 3957 403 4048 presentibus
418 3954 565 4022 duximus
580 3948 781 4022 inserendos.
802 3948 910 4014 Tener
927 3953 1035 4014 autern
1050 3945 1213 4032 privilegii
1228 3943 1314 4010 Hen-

196 4056 256 4136 rici
272 4065 374 4151 Regis
391 4061 558 4147 Hungario
574 4059 649 4126 talis
666 4065 738 4125 est:

304 4175 343 4240 ln
358 4171 487 4238 nomine
502 4169 622 4236 Sancte
636 4165 803 4233 Trinitatis
828 4163 890 4232 stb.
931 4233 936 4240 ,
956 4237 960 4242 ,

145 4289 147 4294 ¹
216 4314 410 4392 (Kovctkeuilr
429 4285 503 4370 lmre
520 4311 616 4384 kirtly
635 4311 747 4367 nee-ki
759 4304 910 4380 olrmdnya,
919 4299 1296 4378 melyorvashatoncjsmtr

540 4403 608 4461 God.
626 4403 703 4474 Dipl.
723 4401 759 4462 11.
778 4400 836 4456 ket.
856 4397 918 4454 363.
936 4394 968 4466 l.)
1052 4447 1055 4454 .

305 4537 414 4606 Tener
438 4557 514 4606 vero
540 4533 673 4606 secundi
696 4531 860 4620 privilegii
881 4528 1023 4600 eiusdem
1038 4527 1200 4596 Hemerioi
1214 4519 1315 4606 Regis

199 4647 344 4736 Ungarie
359 4645 436 4716 talis
453 4651 525 4716 est:
595 4675 598 4680 ·
622 4675 626 4680 ·
1170 4663 1173 4668 Α
