3214 5066
659 237 815 408 Q
840 315 845 325 .

177 511 233 580 rel
253 505 514 594 jurisdietionem
539 501 718 588 quamlibet
743 521 915 590 exercere3
940 504 1000 572 sed
1022 505 1290 593 Ambipresbyte·

179 637 270 700 rum,
293 636 388 700 quem
402 635 462 701 per
487 612 711 681 venerabilem
726 611 859 680 fratrem
874 620 1017 682 nostrum
1033 615 1288 700 strigoniensem

179 725 489 810 mentepiseopum‚
506 729 581 789 tuno
595 721 793 820 Episcopum
807 721 1010 809 Agriansem,
1026 723 1139 810 prebet
1153 724 1288 791 feeimus
1325 756 1331 770 ·

176 834 239 921 ipsi
249 831 476 919 terre,babeat
492 831 598 897 olerus
615 827 758 896 eiusdem
769 831 972 916 populusque
987 849 1136 898 recursus
1144 852 1201 919 pro
1211 851 1287 916 que-

178 939 337 1009 etionibus
353 936 593 1023 emergentibus
608 936 693 1002 inter
708 954 765 1002 eos
781 935 919 1020 ubisque
935 937 1091 1024 articulis,
1104 939 1157 1022 qui
1176 939 1286 1006 Eoole-

178 1051 227 1118 sie
243 1047 469 1114 auctoritatem
494 1042 787 1110 iurisdietionemre
806 1045 989 1132 requirunt,
1016 1051 1049 1112 et
1073 1052 1208 1133 pessunt
1229 1067 1289 1132 per

179 1157 280 1226 alium
298 1175 392 1239 quom
408 1155 604 1240 Episcopum
629 1150 794 1239 expediri;
821 1172 862 1220 ea
887 1172 985 1236 rere,
1010 1173 1075 1238 que
1100 1153 1288 1222 desiderant

178 1262 377 1333 Pontifioalis
393 1262 561 1346 dignitatis
577 1259 725 1343 offitium,
740 1265 775 1326 ut
790 1267 868 1346 puta
878 1261 1005 1346 orisma,
1017 1263 1122 1330 oleum
1132 1265 1288 1348 semotum,

179 1371 400 1440 ordinationes
410 1367 601 1437 olerioorum
615 1375 649 1436 et
663 1369 926 1436 ooueeoratioues
942 1370 1155 1438 eoelesiarum
1169 1389 1229 1440 seu
1243 1369 1290 1437 al·

175 1479 306 1563 tarium,
324 1499 345 1546 a
364 1497 556 1564 quoeunque
568 1477 750 1562 maluerint,
766 1476 931 1562 recipietis
946 1471 1034 1564 (lgy)
1049 1477 1222 1565 Episcopo,
1244 1482 1287 1549 ab

175 1588 366 1674 Apostolioa
382 1587 468 1656 Sede
484 1586 738 1653 oommunionem
754 1591 787 1652 et
802 1585 943 1670 gratiam
961 1583 1146 1670 obtinente,
1170 1605 1288 1670 quous-

176 1714 238 1779 que
264 1693 370 1780 ipsius
395 1701 479 1762 terre
504 1693 643 1779 populns
667 1691 788 1760 Divina
817 1691 948 1760 favente
979 1693 1088 1786 gratia
1118 1691 1166 1758 eie
1189 1693 1288 1763 fuerit
1379 1705 1384 1714 '

176 1807 414 1887 augmentatus,
430 1807 466 1868 ut
481 1801 612 1886 dignum
627 1801 669 1866 sit
685 1799 715 1867 ei
730 1797 1099 1885 propriumopteeopum
1116 1801 1287 1886 provideri.

176 1909 320 1993 Ideoque
337 1910 573 1978 fraternitatem
593 1913 735 1976 vestram
753 1906 993 1974 sollieitandam
1008 1908 1158 1976 duximus
1174 1915 1207 1976 et
1221 1929 1287 1976 mo·

174 2019 318 2086 nondam
341 2037 401 2104 per
422 2017 612 2104 Apostolioa
636 2015 729 2086 robis
757 2016 879 2100 seripta
894 2014 1103 2100 mandantes,
1129 2025 1288 2102 qnatenus

176 2125 281 2194 diotos
297 2124 415 2192 fratres
439 2127 493 2194 rel
507 2123 620 2212 {ipsius
639 2129 724 2192 terre
740 2123 866 2192 incolas
882 2131 995 2193 eontra
1009 2131 1120 2193 nostre
1137 2127 1288 2194 eonstitu-
1334 2125 1340 2138 '

175 2234 274 2302 tionis
291 2239 324 2300 et
337 2232 538 2302 inhibitionis
551 2241 696 2302 tenorem
711 2233 897 2302 nullatenus
912 2233 1114 2318 molestetis,
1133 2233 1209 2318 quin
1224 2235 1287 2302 imo

175 2343 266 2429 ipsos
296 2341 455 2409 babentes
479 2341 665 2427 specialiter
689 2359 746 2426 pro
772 2339 866 2408 Sedis
891 2341 1083 2426 Apostolioe'
1105 2342 1289 2412 reverentia

176 2451 369 2538 propensius
385 2451 627 2518 commendatos
636 2498 646 2532 ,
663 2467 734 2516 oum
750 2467 809 2533 pro
825 2447 1012 2518 olerioorom
1029 2450 1287 2521 ordinationibus

176 2566 209 2626 et
224 2557 303 2624 aliis
311 2608 320 2642 ‚
346 2577 408 2641 que
424 2555 468 2626 ad
481 2556 665 2644 pontificale
680 2561 828 2642 speetant
843 2555 1001 2642 olboium,
1020 2558 1062 2624 ab
1079 2557 1126 2626 eis
1141 2559 1288 2642 requisiti

175 2665 310 2750 fueritin
325 2666 467 2752 benigne
482 2665 626 2753 ipsorum
641 2667 736 2734 iustis
750 2665 1020 2751 postulationibus
1037 2667 1197 2752 rennuatis,
1208 2673 1244 2736 ut
1255 2675 1289 2735 et

175 2775 239 2862 ipsi
264 2775 393 2860 possint
417 2773 458 2842 de
473 2776 558 2843 bono
574 2775 608 2841 in
622 2775 739 2842 melius
754 2772 867 2842 lavore
882 2781 989 2842 restro
1004 2774 1107 2860 adjuti
1122 2775 1287 2861 profitere,

177 2901 303 2966 nosque
320 2883 488 2951 toritatem
504 2889 645 2950 vestram
660 2882 835 2952 debeamus
851 2883 884 2950 in
899 2881 1038 2970 Domino
1053 2883 1287 2952 oommendare.

180 2987 303 3058 Datum
312 2990 468 3060 Laterani
476 2992 518 3058 II.
527 2990 594 3058 kal.
605 2991 685 3077 llaJi
694 2988 917 3076 (Pontifioatue
932 2989 1049 3077 nostri)
1063 3011 1148 3060 anno
1164 2998 1288 3062 ootaro.

178 3165 238 3237 (ΠΙ.
250 3165 395 3224 Honorius
415 3165 490 3240 plpa
508 3165 690 3240 Regestdbel
702 3166 828 3224 Teutsob
842 3165 871 3224 ds
884 3165 1042 3223 Firnhsbar
1053 3167 1089 3224 id.
1104 3185 1140 3223 m.
1159 3167 1203 3224 2⁷.
1216 3167 1235 3226 l.
1255 3167 1289 3228 ds

566 3255 691 3312 Thainar
703 3255 739 3312 id.
752 3275 789 3314 m.
800 3255 888 3320 51.1.)

611 3513 855 3530 mun—-
