3222 5054
694 791 771 858 168.

213 974 259 1039 ΙΙ.
276 973 385 1039 &dre
399 973 506 1059 lcirdlp
521 972 594 1038 clb'tt
608 993 630 1035 a
645 971 736 1059 pydri
748 967 907 1058 bdptulaa
921 971 953 1037 du
968 969 1015 1036 Μ.
1031 979 1141 1037 mater
1154 969 1238 1036 bezet
1281 1017 1283 1022 -

461 1079 584 1167 peracit
598 1079 768 1145 elimata.
796 1079 895 1144 1231.

275 1261 346 1326 Nos
360 1257 511 1326 Andreas
523 1257 588 1326 Dei
601 1258 716 1346 gracia
729 1258 800 1324 Rex
811 1255 979 1342 Hungario
995 1253 1038 1324 ad
1053 1257 1207 1326 noticiam
1221 1259 1290 1326 uni·

168 1388 336 1436 versorum
352 1369 498 1434 volumus
513 1367 685 1452 pervenire
706 1365 912 1451 presencium
936 1373 969 1431 et
993 1365 1179 1433 futurorum.
1212 1364 1291 1432 Uui·

167 1497 298 1544 versum
315 1476 499 1560 Capitulum
515 1473 698 1542 lauriensis
715 1473 865 1540 Ecclesie
890 1494 965 1539 eum
990 1472 1148 1557 Magistro
1163 1473 1206 1537 Μ.
1221 1471 1289 1556 tilio

165 1585 291 1651 'thome
306 1585 440 1653 Comitis
456 1584 490 1648 in
505 1589 619 1650 nostra
635 1582 808 1668 presencia
823 1589 899 1648 sunt
913 1581 1012 1648 rixati
1027 1601 1086 1667 pro
1102 1587 1190 1648 terra
1199 1631 1208 1666 ,
1226 1599 1289 1663 que

165 1692 283 1760 dicitur
298 1695 376 1769 Zea,
393 1699 426 1759 et
440 1713 499 1778 pro
513 1693 690 1777 piscatura.
715 1689 900 1758 Secundum
925 1711 1002 1758 vero
1028 1681 1106 1757 iuris
1121 1687 1287 1757 racionem

165 1802 373 1870 consciencia
390 1800 619 1884 Magistrorum
639 1805 821 1866 nostrorum
848 1801 932 1868 inter
956 1797 1066 1887 ipsos,
1092 1800 1178 1883 quod
1204 1797 1289 1882 wlgo

166 1911 284 1978 dicitur
299 1909 387 1994 boij,
405 1908 678 1995 adjudicavimus.
692 1908 732 1974 lu
748 1907 802 1974 die
818 1915 929 1975 autem
945 1909 1136 1993 assignato,
1153 1906 1229 1973 dum
1245 1903 1288 1970 ad

164 2018 371 2103 preliandum
387 2023 499 2084 essent
523 2015 709 2102 preparati,
736 2034 897 2082 consensu
921 2015 1079 2081 nobilium
1104 2013 1148 2082 ad
1171 2032 1288 2099 paoem

164 2133 239 2192 sunt
254 2124 401 2212 perducti
416 2125 476 2190 tali
492 2123 634 2190 racione.
666 2123 711 2190 Ut
729 2121 851 2190 dictam
867 2129 988 2190 terram
997 2173 1007 2208 ,
1023 2123 1110 2189 unde
1127 2123 1169 2188 Μ.
1186 2120 1288 2206 Magi·
1392 2139 1393 2142 ’

164 2242 230 2300 ster
246 2252 340 2300 suam
356 2251 431 2298 esso
447 2238 629 2316 assereret,
645 2231 679 2296 in
695 2251 775 2299 vera
789 2230 853 2298 fide
869 2231 946 2298 inde
961 2231 1080 2299 fratres
1097 2229 1129 2296 ei
1144 2230 1288 2297 commit·

163 2347 291 2426 terent3
308 2339 368 2407 sed
381 2339 762 2426 peticioneplurimorum
778 2337 935 2406 nobilium
951 2337 1057 2406 dictus
1072 2339 1115 2404 Μ.
1132 2338 1166 2404 in
1181 2337 1287 2422 pisca-

165 2459 240 2517 tura
254 2449 408 2516 sratribus
425 2452 576 2532 quartam
591 2455 718 2534 partem
734 2448 949 2532 concederet,
960 2454 994 2514 et
1008 2467 1030 2514 a
1044 2446 1139 2514 nobis
1155 2447 1188 2514 iu
1204 2465 1287 2531 pace

163 2559 324 2625 abierunt
349 2559 387 2624 In
414 2557 529 2624 eodem
548 2565 658 2623 autem
674 2574 763 2622 anno
778 2574 842 2622 non
858 2556 955 2621 multo
970 2563 1045 2640 post
1060 2555 1165 2624 Janus
1181 2552 1286 2620 Deca-

164 2663 378 2733 nnsetWeda
394 2665 513 2731 Custos
529 2663 675 2749 ejusdem
692 2661 875 2731 lauriensis
892 2659 1040 2730 Ecclesic
1051 2662 1097 2728 ad
1105 2681 1166 2728 nos
1177 2680 1288 2728 acces-

163 2779 284 2856 serunt,
300 2779 333 2838 et
348 2772 475 2838 litteras
491 2771 590 2839 totius
605 2771 750 2857 (lapituli
765 2769 1023 2853 destinaverunt,
1041 2770 1075 2836 in
1092 2769 1210 2853 quibus
1225 2769 1287 2836 beo

164 2880 428 2966 continebantur;
455 2886 490 2945 ut
513 2898 585 2946 oum
612 2879 769 2965 Magistro
784 2879 827 2946 Μ.
844 2879 943 2946 talem
961 2878 1195 2946 cambicionem
1211 2897 1287 2945 exe·
1367 2905 1368 2908 ¹

162 2990 295 3074 gissem,
312 2987 397 3069 quod
415 2995 563 3070 quartam
578 2994 707 3073 partem
721 2989 905 3074 piscature,
922 3005 985 3071 que
1001 2987 1049 3053 eis
1065 2985 1287 3070 contingebat,

161 3097 320 3178 Magistro
336 3095 378 3160 Μ.
395 3095 429 3160 in
445 3115 529 3179 pace
544 3082 768 3179 relinquerent
777 3145 786 3180 ,
806 3104 838 3163 et
854 3115 935 3181 sepe
958 3094 1066 3162 dictus
1082 3095 1124 3159 Μ.
1141 3094 1183 3162 de
1199 3101 1287 3164 terra

161 3203 377 3286 hereditaria,
406 3220 470 3284 que
484 3202 598 3268 Baoba
614 3202 733 3270 dicitur
749 3209 878 3269 centum
889 3203 1010 3288 jugera
1027 3209 1060 3270 et
1076 3238 1164 3249 --
1179 3201 1286 3269 fratri-

160 3311 219 3376 bus
236 3308 486 3378 commendavit.
511 3312 581 3378 Hec
596 3318 672 3378 sunt
688 3318 796 3378 autem
812 3311 990 3378 attinencia
1005 3319 1091 3378 terre
1107 3311 1206 3396 illius,
1222 3330 1286 3395 que

159 3418 280 3485 dicitur
293 3418 372 3485 Zoa.
389 3419 566 3504 Egreditur
580 3441 601 3488 a
617 3427 711 3507 parte
727 3418 919 3504 meridiana,
936 3435 999 3503 que
1015 3418 1133 3486 dicitur
1149 3417 1283 3502 bluchu·

158 3527 266 3610 laleur,
293 3533 327 3593 et
342 3527 450 3612 vergit
465 3525 508 3592 ad
524 3527 673 3594 sabulum
690 3548 863 3614 maguum3
889 3533 923 3594 et
945 3528 979 3594 iu
995 3527 1108 3607 latere
1133 3525 1284 3612 ejusdcm

158 3634 269 3701 sabuli
285 3636 391 3719 vergit
407 3637 448 3698 ad
463 3637 733 3722 septemtionem;
750 3645 828 3722 post
843 3637 903 3704 heo
913 3643 1021 3704 autem
1032 3633 1175 3705 veuitad
1185 3637 1284 3720 viam,

158 3743 251 3827 cujus
268 3743 365 3826 signa
380 3740 441 3808 hec
457 3749 507 3810 est
523 3743 545 3824 †
560 3739 658 3830 (lgy);
675 3744 752 3811 inde
766 3753 878 3813 autem
893 3745 936 3812 ad
950 3743 1193 3828 Revenoecbat,
1208 3751 1241 3811 ct
1251 3745 1285 3812 in

157 3851 274 3917 codem
290 3849 389 3918 dorso
406 3847 482 3916 dum
498 3849 648 3934 pervenit
664 3851 707 3917 ad
724 3850 853 3937 Ourgu,
869 3851 916 3918 ibi
930 3850 997 3918 lixa
1013 3859 1064 3919 est
1079 3858 1190 3934 meta;
1206 3851 1284 3918 inde

157 3977 235 4025 vero
252 3957 418 4040 egreditur
433 3956 477 4025 ad
494 3957 687 4026 orientalem
701 3963 848 4045 partem,
874 3959 1034 4027 medietas
1061 3964 1171 4026 autem
1195 3958 1283 4024 dicte

157 4085 243 4151 aque
267 4071 397 4132 tenetur
419 4063 578 4149 Magistro
606 4066 659 4150 M,
684 4067 761 4134 bino
784 4085 863 4134 vere
878 4067 984 4152 vergit
999 4067 1044 4134 ad
1058 4067 1223 4152 Brangtu,
1251 4073 1285 4132 et

155 4173 232 4239 iude
248 4171 341 4238 radit
356 4170 401 4239 ad
417 4173 576 4255 Oururtu,
598 4181 631 4240 et
646 4173 691 4240 ibi
707 4173 774 4242 fixa
790 4181 841 4242 est
856 4181 962 4258 mcta;
980 4181 1012 4240 et
1027 4173 1103 4240 indo
1119 4172 1283 4258 egreditur

154 4299 251 4365 aqua,
269 4299 332 4363 que
348 4285 485 4347 vocatur
500 4281 622 4366 Striga,
639 4289 672 4348 et
687 4283 792 4367 vergit
808 4281 851 4348 ad
861 4281 1068 4368 Danubium3
1087 4279 1162 4349 iude
1172 4287 1281 4346 autem

154 4389 197 4454 ad
211 4389 374 4454 Peucurtu
385 4435 394 4470 ,
421 4393 455 4453 et
478 4387 526 4453 ibi
551 4394 602 4454 est
626 4395 732 4473 meta,
752 4389 862 4472 Striga
878 4395 988 4455 autem
1003 4387 1079 4454 dum
1094 4387 1275 4474 appropin-

155 4501 232 4578 quat
247 4494 292 4560 ad
309 4495 513 4580 Danubium,
529 4493 575 4561 ibi
591 4501 668 4562 snut
682 4496 755 4583 pira
768 4515 908 4582 magna5
928 4497 1004 4564 indo
1019 4517 1097 4565 vero
1114 4495 1278 4580 egreditur

154 4622 241 4687 aqua
255 4622 323 4670 una
332 4651 342 4686 ,
358 4620 421 4686 quc
435 4607 571 4669 vocatur
587 4602 753 4692 Gerousa,
769 4610 802 4671 et
817 4603 924 4688 vergit
944 4601 989 4670 ad
1003 4603 1281 4692 septemtrionem,
