3234 5072
774 401 849 413 ----
912 398 930 405 ,-

738 421 740 430 r

208 579 213 592 ,
398 499 1408 594 VLDeconcessioneRegalipropriarnmre-

295 631 389 682 rum.
413 608 690 678 DEOREVIMUS
721 617 832 678 nostra
860 609 978 694 Regali
1001 609 1157 693 potentia,
1173 605 1220 693 {nt
1235 607 1408 692 unusquis·

155 725 158 732 ’
296 737 359 803 que
374 718 496 787 habeat
511 718 696 786 facultatem
714 737 773 785 sua
789 719 966 803 diuidendi,
983 716 1145 785 tribuendi
1170 718 1274 802 uxori,
1283 715 1361 784 tiliis
1375 713 1410 782 fi-

294 827 473 911 liabusque,
485 827 859 911 atqueparentibussiue
870 826 1023 912 ecclesie;
1039 843 1099 892 nee
1109 831 1184 912 post
1199 823 1269 892 eius
1285 821 1409 892 obitum

296 935 367 1020 quis
382 935 443 1003 hoc
459 920 625 1002 destruere
640 934 769 1002 audeat.
979 999 983 1011 ,

402 1043 474 1110 vll.
506 1040 566 1107 De
604 1037 782 1126 retentu
814 1040 1050 1124 Regalium
1087 1055 1237 1106 rerum.
1279 1036 1409 1106 VOLV·

298 1146 388 1218 MUS
405 1147 543 1233 quidem,
554 1143 703 1241 'utsieuti
719 1149 837 1215 ceteris
852 1146 1040 1214 facultatem
1059 1146 1207 1214 dedimus
1221 1143 1411 1214 dominandi

297 1275 428 1324 suarum
443 1276 559 1340 rernm,
576 1254 624 1324 ita
639 1258 735 1324 etiam
751 1277 815 1341 res,
833 1257 960 1339 milites,
986 1274 1101 1323 servos
1126 1259 1159 1320 et
1182 1251 1340 1336 quidquid
1361 1251 1405 1320 ad

296 1373 440 1432 noemam
454 1366 613 1450 Regelem
629 1365 821 1450 dignitatem
846 1365 994 1452 pertinet,
1019 1379 1211 1450 permanere
1227 1358 1410 1446 immobite;
1439 1419 1441 1430 .

192 1463 196 1469 ’
299 1472 510 1540 etanemine
527 1472 695 1554 quidinde
718 1473 865 1559 rapiatur
888 1479 945 1539 aut
970 1467 1205 1546 substrahstur.
1229 1468 1301 1539 Nec
1325 1468 1410 1553 quin

238 1580 240 1587 ’
299 1595 395 1662 quam
411 1579 444 1644 in
459 1571 511 1645 his
526 1577 681 1663 predictis
697 1577 760 1645 sibi
776 1577 920 1646 favorem
937 1577 1105 1662 acquirere
1120 1573 1251 1654 audeat.

405 1683 492 1753 Vlll.
524 1687 582 1752 De
622 1684 950 1754 obseruatione
989 1675 1202 1754 deminici
1239 1680 1348 1754 diei¹
1371 1681 1412 1750 SI

300 1787 401 1868 QUIS
418 1793 516 1880 igitur
529 1795 699 1880 presbyter
724 1795 776 1861 vel
803 1813 922 1878 eomes,
948 1793 1018 1862 sine
1043 1790 1156 1874 aliqua
1179 1790 1247 1859 alia
1270 1807 1413 1875 persona

298 1898 413 1985 fidelis,
429 1899 482 1968 die
497 1898 828 1968 dominieainvenerit
838 1899 1241 1984 quemlibetleborantem,
1252 1895 1324 1964 siue
1339 1913 1412 1962 eum

300 2009 416 2093 bubus,
445 2005 577 2076 tollatur
591 2007 739 2093 sibibos,
764 1993 806 2074 ¹et¹
822 2008 946 2078 civibus
976 2007 1019 2075 ad
1035 2005 1294 2078 manducandum
1309 2005 1412 2072 detur.

304 2115 340 2180 Si
364 2099 472 2182 autem
497 2135 570 2182 cum
594 2117 705 2200 equis,
733 2117 863 2182 tollatur
896 2133 1017 2200 equus,
1038 2133 1133 2198 quem
1157 2112 1305 2180 domiuus
1329 2113 1415 2180 bore

302 2223 451 2308 redimat,
467 2223 496 2288 si
510 2223 598 2290 velit.
623 2226 664 2290 Et
680 2225 766 2292 idem
782 2225 851 2308 bos,
869 2221 1079 2317 manducetur
1093 2229 1129 2288 nt
1152 2222 1277 2288 dietum
1293 2226 1352 2288 est.
1376 2220 1414 2288 si

304 2332 376 2416 quis
392 2328 468 2396 aliis
484 2327 714 2416 instrumentis,
731 2330 888 2415 tollantur
912 2331 1124 2398 instrumenta
1153 2333 1186 2396 et
1209 2327 1416 2410 vestimenta,

304 2455 376 2522 que,
393 2437 423 2504 si
438 2436 527 2520 velit,
541 2456 614 2503 oum
631 2443 703 2505 cute
718 2437 866 2505 redimat.
1093 2442 1095 2448 ’

229 2619 237 2635 x
409 2541 599 2610 IX.'Item
631 2547 768 2613 aliud.
800 2549 830 2610 A
853 2531 1179 2630 sncnssnourbus
1202 2562 1280 2610 nero
1306 2548 1340 2612 et
1362 2561 1415 2610 co

304 2650 434 2719 mitibus
450 2651 690 2720 commendetur
715 2647 861 2720 omnibus
885 2651 1013 2738 uillieis,
1041 2653 1088 2718 ita
1112 2659 1148 2718 ut
1174 2651 1301 2718 illorum
1323 2649 1417 2720 iussu

303 2779 413 2827 omnes
430 2767 623 2827 concurrant
637 2760 689 2828 die
705 2760 866 2828 dominica
883 2739 926 2827 ad
941 2759 1123 2845 ecelesiam,
1147 2758 1287 2826 maiores
1303 2777 1343 2826 se
1358 2757 1417 2826 mi-

305 2885 411 2951 nores,
426 2867 488 2933 uiri
504 2887 543 2933 ae
559 2865 719 2954 mulieres,
737 2871 881 2954 exceptis
898 2869 952 2951 qni
968 2869 1069 2964 ignes.
1080 2864 1275 2936 custodiunt.
1295 2867 1331 2934 Si
1347 2865 1419 2952 quis

162 2975 165 2982 '
303 2992 381 3042 uero
396 2994 461 3040 non
478 2975 715 3042 obscurationis
746 2975 925 3043 remanebit
941 2971 1144 3061 peritiorum
1173 2971 1419 3060 negligentiam,

307 3083 462 3169 capulent
476 3101 515 3148 ac
531 3083 723 3169 depilentnr.

412 3189 453 3256 X.
486 3190 547 3258 De
585 3191 912 3258 observatione
942 3191 1058 3258 IIII-or
1088 3197 1340 3275 temporum.
1379 3190 1421 3258 SI

306 3293 405 3374 QVIS
430 3305 565 3383 quatuor
579 3305 770 3390 ‚temporum
799 3297 944 3384 ieiunia,
963 3299 1085 3368 eunetis
1117 3299 1257 3384 cognita,
1291 3317 1440 3386 earnem,

305 3407 504 3476 manducans
518 3405 698 3493 uiolauerit,
714 3429 772 3496 per
787 3409 929 3496 spatium
947 3408 1042 3476 unius
1069 3405 1249 3476 ebdomade
1276 3405 1420 3476 inclusus

305 3513 434 3581 ieiunet.
531 3573 535 3582 .
873 3574 877 3594 ,
1174 3525 1182 3542 ‘

409 3623 467 3688 XI.
506 3623 566 3688 De
592 3623 920 3690 observatione
942 3623 1034 3690 VI-te
1056 3623 1183 3690 terte.
1207 3621 1249 3691 SI
1271 3619 1420 3703 QVISin

306 3733 400 3796 sexta
424 3727 505 3794 feria
525 3730 567 3801 ab
592 3731 678 3796 omui
701 3729 937 3798 christianitate
961 3731 1137 3798 obseruata
1162 3749 1293 3798 carnem
1329 3748 1422 3798 man·

305 3835 485 3920 ducauerit,
500 3856 560 3922 per
574 3857 673 3904 unam
688 3830 901 3906 ebdomadam
917 3839 990 3907 luce
1007 3837 1151 3906 inclusus
1166 3836 1317 3906 ieiunet'

408 3939 1420 4027 XII.Dehisquisineconfessionemoriun·

253 4051 254 4055 ’
304 4059 381 4118 tur.
406 4053 447 4121 SI
466 4047 565 4128 QVIS
588 4059 655 4118 tam
669 4051 842 4138 perdurate
859 4055 955 4121 corde
970 4060 1030 4138 est,
1046 4053 1131 4138 quod
1146 4053 1233 4120 absit
1257 4056 1300 4122 ab
1328 4057 1417 4123 omui

305 4159 487 4242 christiano,
503 4165 538 4224 ut
552 4157 633 4225 nolit
648 4158 793 4226 confiteri
808 4179 869 4228 sna
893 4159 1048 4244 facinora,
1076 4163 1252 4228 secuudum
1277 4179 1413 4232 suasum

304 4263 491 4351 presbyteri,
509 4265 561 4332 hic
576 4266 647 4334 sine
663 4265 752 4334 omni
766 4267 886 4335 Diuino
902 4268 1008 4346 officio
1025 4275 1059 4339 et
1082 4269 1279 4357 elemosynis
1294 4271 1416 4356 iaceat,

305 4370 569 4456 quemadmodum
586 4373 734 4443 infidelis.
759 4373 793 4441 Si
819 4383 925 4443 autem
951 4382 1106 4461 parentes
1123 4384 1155 4443 et
1169 4377 1312 4464 proximi
1335 4397 1414 4465 neg·

308 4478 446 4546 lexerint
468 4497 585 4548 uocare
610 4483 829 4569 presbyteros,
846 4485 942 4549 etita
966 4483 1114 4552 subiacet
1137 4484 1262 4570 absque
1286 4485 1414 4556 coufes-

307 4584 405 4682 sione·
421 4586 525 4668 morti,
550 4587 668 4654 ditetur
698 4591 899 4658 orationibus
926 4598 958 4657 et
986 4591 1168 4660 consoletur
1199 4593 1409 4682 elemosynis
