3214 5072
609 342 813 460 'AL

258 546 280 626 †
296 543 366 628 ligo
380 542 503 612 Ardino
512 543 689 612 Diaconos
716 543 900 620 Oardinalis
916 543 1029 612 Sancti
1044 543 1206 612 'theoderi
1220 561 1263 611 ss.

255 653 278 734 †
292 651 365 736 Ego
380 649 478 736 Hugo
494 651 661 720 Diaconus
678 651 862 724 Oardiualis
872 650 985 718 Sancti
993 651 1161 739 Eustaobij
1171 653 1263 720 iuxta

149 759 305 845 templum
320 759 520 846 Agrippess.
604 768 606 774 ’

253 869 377 937 Datum
390 869 540 954 Anagnie
550 887 747 954 permanum
757 868 905 936 Gratiani
916 870 1035 937 Sancte
1049 869 1192 936 Romane
1203 868 1263 934 Ec-
1382 879 1387 884 ·

146 975 247 1042 clesie
263 975 472 1060 Sublimem,
488 983 521 1044 et
535 978 661 1044 Notarii
676 979 780 1046 XVII.
811 978 885 1044 Kal.
910 977 1061 1046 Januarii
1078 976 1262 1046 Indictione

148 1084 253 1152 VIIII.
265 1084 776 1154 IncaruationisDomiuiceauno
793 1085 849 1153 ΜΟ.
867 1086 915 1154 0⁰.
933 1085 1078 1153 LXXV0.
1095 1083 1263 1154 Pontifica-

149 1201 199 1262 tus
216 1213 295 1262 uero
308 1193 439 1262 Domini
454 1193 632 1264 Alexandri
647 1196 738 1282 Pape
753 1195 811 1262 ΙΠ.
828 1197 921 1263 Auno
937 1193 1041 1262 XVII.

497 1456 502 1464 .
557 1387 613 1462 (Aa
632 1390 740 1447 eredeti
764 1389 854 1464 utun).

575 1651 817 1668 m

678 1895 735 1962 ³5.

152 2075 199 2142 Aa
222 2074 348 2162 erdelyt'
369 2073 525 2164 kdptaloa
551 2073 774 2162 Epybctafabro
796 2077 826 2139 es
847 2074 1072 2142 Securi-illiti&
1094 2075 1265 2163 helysepelt·

462 2183 517 2248 beru
539 2182 741 2268 batdsjdrdst
760 2191 833 2249 tart.
858 2183 954 2248 1176..

260 2364 446 2452 Capitulum
462 2363 610 2430 Ecclesia
632 2361 774 2430 Albeceia
802 2363 1094 2452 Tramplcaeicrrete
1119 2363 1266 2436 omuibus

155 2473 275 2542 Christi
289 2473 450 2558 fidelibus,
465 2471 672 2559 presentibus
689 2478 722 2538 et
738 2472 854 2540 futuris
879 2492 1016 2559 presens
1041 2474 1194 2560 scriptum
1219 2475 1265 2542 in-

152 2583 311 2670 specturis
336 2583 473 2649 salntem
498 2583 531 2648 in
556 2583 696 2662 omnium
721 2581 902 2650 Salvatcre.
927 2583 1103 2670 Perspicua
1127 2583 1267 2650 humane

153 2691 352 2762 condicionis
376 2691 536 2760 industria
563 2689 727 2758 hominum
751 2693 905 2766 memorie
930 2692 1091 2758 labilitate
1116 2698 1268 2777 pensata,

74 2782 82 2795 ¹
152 2801 317 2888 sagaciter
333 2799 507 2884 adinvenit,
524 2804 560 2864 ut
575 2819 617 2866 ea
633 2817 694 2882 que
711 2805 851 2885 aguntur
866 2802 899 2867 in
924 2805 1080 2884 tempore,
1104 2785 1146 2866 ne
1171 2799 1267 2868 simul

153 2909 342 2976 dilabantur
358 2925 429 2973 cum
446 2905 568 2990 eodem,
586 2907 752 2974 literarum
769 2908 949 2992 patrocinio
975 2907 1162 2976 solidentur.
1190 2910 1267 2976 Pro·

152 3019 228 3085 inde
246 3015 291 3082 ad
307 3015 711 3108 universorumvunticiam
736 3015 847 3083 lrarum
877 3018 960 3082 serie
985 3017 1133 3084 volumus
1157 3035 1268 3103 perve
1316 3049 1321 3060 ·

154 3129 234 3212 nire,
252 3122 338 3210 quod
356 3141 432 3192 eum*
443 3145 502 3192 nos
518 3126 649 3211 honore,
666 3117 727 3210 ouo
745 3125 851 3192 decuit
866 3125 1006 3213 receptis
1021 3127 1125 3194 literis
1140 3126 1264 3210 magni·

153 3237 203 3304 lici
219 3234 341 3301 domini
356 3237 486 3300 Nicolai
500 3233 668 3320 Wayuode
682 3233 888 3302 Transilvan.
914 3225 1170 3319 adjudicatoriis,
1196 3253 1267 3298 mo-

153 3344 228 3410 dum
244 3349 278 3410 et
294 3321 429 3436 formam
446 3361 504 3410 suc
515 3341 691 3427 judiciarie
708 3341 953 3409 deliberationis
969 3341 1002 3409 iu
1028 3360 1064 3407 se
1089 3341 1266 3427 exprimen-

154 3451 251 3536 tibus,
261 3451 421 3534 nobisque
431 3450 645 3517 amicabiliter
658 3449 867 3533 loquentibus
894 3455 926 3514 ct
942 3449 1084 3533 directis,
1100 3469 1158 3536 pro
1175 3455 1268 3535 parte

155 3558 427 3628 reambulacionis
443 3564 598 3626 metarum
615 3559 811 3626 territorium
827 3555 1046 3643 possessionis
1054 3556 1131 3620 Zaat
1146 3553 1270 3642 Myklca

154 3665 318 3755 magnifici
334 3665 456 3732 domini
470 3666 623 3752 stertunt
648 3666 770 3740 Mitwd
786 3665 878 3750 Baui,
895 3685 935 3734 ac
951 3664 1170 3753 possessionis
1185 3664 1268 3751 Epp-

150 3774 315 3862 ,bazfalwa
330 3775 529 3842 honorabilis
556 3774 698 3860 capituli
724 3773 923 3858 orodiensis,
947 3779 980 3840 et
1005 3773 1103 3840 etiam
1130 3769 1266 3856 morae,

154 3885 289 3970 Koppcrr
304 3883 403 3970 lyae,
418 3884 495 3948 Zent
510 3883 720 3968 Mibelfulwo,
737 3867 770 3949 et
785 3883 936 3968 Kereetee,
952 3888 1085 3969 propter
1101 3881 1266 3948 literarum

154 3989 426 4059 contestacionem
441 3990 563 4058 iactam
579 3991 662 4056 iuter
678 3997 831 4074 utrasque
847 3996 958 4077 partes
975 4010 1010 4058 se
1026 3989 1155 4058 haben:
1181 4007 1266 4056 ema·

154 4107 258 4186 natas,
271 4099 370 4182 juxta
386 4101 560 4166 earundem
578 4099 808 4184 continencias‚
823 4120 888 4166 uua
904 4119 975 4166 oum
986 4098 1148 4182 'magistro
1165 4094 1267 4164 Paulo

155 4209 194 4277 dr
212 4209 332 4295 (iywla
347 4207 591 4294 prothonotario
607 4208 770 4294 magnifici
785 4206 905 4274 domini
916 4207 1087 4295 Wayuode
1102 4203 1146 4271 ad
1161 4203 1199 4270 id'
1210 4223 1268 4290 per

154 4319 258 4404 ipsum
275 4315 439 4383 domiuum
459 4315 666 4403 Wayuodam
691 4317 879 4402 specialiter
904 4315 1106 4399 transmisso,
1130 4313 1267 4382 honora·

154 4427 251 4494 bilem
268 4426 372 4493 virum
389 4423 578 4492 Ladislaum
597 4424 824 4510 presbiterum,
840 4424 1046 4508 capellanum
1071 4419 1269 4490 venerabilis

156 4533 276 4602 domini
291 4531 388 4600 Pauli
413 4531 643 4600 Archidiaconi
669 4532 825 4600 Albensls
849 4529 1076 4618 Transilupnie
1101 4532 1144 4598 ad
1168 4529 1267 4596 inira·

156 4647 308 4732 scriptam
334 4639 623 4711 reambulationem
650 4635 835 4718 faciendam
859 4647 968 4718 nostro
996 4659 1063 4731 ,pro
1087 4635 1270 4709 testimonio
