3214 5066
801 321 1050 444 ,Ait-⁴.

330 527 467 596 otentico
481 527 579 628 Beati
595 517 692 612 Regis
717 527 759 594 ad
784 495 995 596 recidendum
1019 525 1198 612 quamlibet
1222 524 1439 610 calumpniam

325 642 532 723 imposterum
555 644 711 724 perpetuo
740 635 977 705 confirmamus.
1000 637 1108 703 'Penor
1125 640 1240 700 autem
1264 632 1439 699 auctentici

325 746 426 831 ipsius
442 744 519 810 talis
536 750 595 810 est.
611 743 766 822 Qvamnis
777 741 871 812 homo
883 745 1002 828 omnia,
1019 761 1081 826 qne
1097 740 1244 828 possidet
1259 760 1281 806 a
1295 741 1366 807 Deo
1382 741 1440 806 ha-

222 895 225 900 ·
326 852 411 937 beat,
434 853 594 934 tamenid
620 849 705 935 quod
725 851 834 937 habet,
845 851 934 920 DEO
945 845 1079 936 prebere
1090 871 1153 917 non
1163 850 1296 920 dubitet.
1313 849 1440 916 Etenim

326 960 626 1042 sinistimaeque
651 961 755 1036 multa
779 960 890 1044 habet,
915 979 1020 1048 pauca
1045 954 1210 1045 porrigere
1235 958 1381 1042 dubitat;
1406 964 1440 1024 st

325 1067 415 1153 illud,
426 1066 512 1150 quod
521 1066 669 1152 possidet
680 1067 840 1153 perdit'ex
851 1069 922 1154 ejus
933 1067 1204 1143 remuneracione,
1215 1071 1249 1132 ut
1259 1065 1440 1134 absconsor

323 1177 419 1244 unius
434 1178 551 1242 talenti
566 1176 700 1244 carebit.
728 1175 813 1253 Quia
828 1178 883 1262 qui
898 1178 931 1243 in
946 1177 997 1245 his
1014 1177 1225 1258 delectantur,
1252 1195 1314 1259 que
1338 1173 1438 1257 hujus

322 1283 432 1351 mundi
441 1291 525 1370 sunt,
536 1293 665 1369 semper
673 1285 868 1363 mendicant,
888 1293 921 1351 et
939 1287 973 1355 iu
988 1290 1134 1371 egestate
1147 1290 1349 1370 permanent.
1366 1282 1439 1362 Qua

324 1411 401 1458 vero
426 1394 693 1460 remuneracione
709 1414 750 1460 ne
759 1393 970 1478 privaremur,
989 1392 1285 1461 Beatissimus‘liex
1301 1389 1438 1476 Stepha-

324 1521 395 1588 nus,
407 1501 520 1586 suique
536 1493 742 1572 successoros
753 1503 870 1588 Reges,
886 1501 1006 1582 Duces,
1017 1501 1200 1587 Pontifices,
1217 1500 1370 1586 Comites,
1385 1518 1438 1566 oe·

324 1610 452 1694 terique
466 1611 612 1696 religiosi
626 1611 782 1696 homines,
800 1618 832 1676 et
848 1609 919 1694 Ego
935 1612 1005 1676 Rex
1017 1607 1194 1690 Ladizlaps
1204 1607 1436 1675 monasterium

324 1717 438 1788 Sancti
450 1719 581 1786 Martini
604 1737 704 1805 supra
725 1719 864 1786 Mentem
888 1717 1057 1784 Pannonio
1082 1717 1190 1801 situm,
1214 1723 1308 1801 prout
1331 1716 1458 1799 Regia·

323 1827 374 1894 uis
392 1827 562 1914 concessit,
573 1827 681 1894 multis
694 1827 946 1894 condonauimus
963 1824 1087 1910 opibus.
1104 1822 1201 1891 Unde
1217 1843 1304 1908 vero,
1319 1843 1362 1890 ne
1377 1843 1437 1910 per

322 1936 517 2004 violenciam
532 1923 712 2020 aliquorum
731 1937 785 2002 vel
802 1933 957 2017 fraudem,
973 1952 1031 2000 seu
1045 1953 1105 2018 per
1120 1931 1360 2018 negligenciam
1376 1931 1435 1996 ali-

321 2045 399 2127 quid
415 2045 579 2131 depereat,
595 2045 666 2130 Ego
682 2031 754 2110 Iter
769 2042 935 2129 Hungarie
950 2042 1126 2108 Ladizlaus
1137 2041 1272 2108 oonsilio
1292 2040 1432 2107 omnium

320 2152 425 2238 Regni
440 2152 505 2218 mei
521 2144 697 2219 Primatum
714 2149 1046 2218 curaui'dinumerare
1063 2155 1096 2215 et
1113 2149 1343 2216 commendare
1358 2147 1434 2214 huic

325 2260 436 2326 charte
452 2260 616 2346 seriptum.
633 2261 674 2326 Et
689 2267 725 2325 ut
740 2263 874 2345 propter
885 2259 1111 2342 antiquitatem
1120 2258 1326 2345 negligencia
1342 2257 1434 2323 locus

321 2385 385 2434 non
400 2367 549 2454 daretur;
570 2369 739 2452 jussimus,
755 2373 789 2434 ut
804 2365 848 2433 ad
865 2365 1052 2434 memoriam
1077 2366 1217 2453 posteris
1241 2385 1300 2450 per
1324 2373 1434 2432 succe·

321 2475 599 2559 denoiatempora
614 2475 850 2542 observaretur.
865 2475 936 2554 Qua
952 2479 1058 2541 autem
1074 2473 1198 2541 tradita
1208 2481 1292 2560 sunt,
1303 2491 1433 2557 queque

318 2583 478 2666 acquisita
494 2581 598 2648 eidem
615 2583 734 2649 Sancte
750 2582 813 2650 Dei
829 2583 978 2650 Ecclesia
995 2583 1037 2649 ab
1053 2583 1104 2650 his
1128 2583 1267 2669 prefatis
1289 2581 1431 2672 'homini-

316 2690 387 2776 bos,
405 2711 475 2757 oum
491 2691 607 2760 ceteris
618 2693 685 2759 suis
694 2691 873 2786 redditibus
889 2693 921 2758 in
932 2698 1034 2776 terra,
1051 2689 1084 2758 in
1098 2710 1195 2776 aqua,
1212 2692 1245 2758 in
1262 2691 1381 2757 tributo
1398 2696 1432 2756 et

317 2797 350 2867 in
366 2801 453 2866 omni
468 2799 657 2884 substancia
673 2809 706 2866 et
720 2799 886 2882 facultate,
905 2797 1106 2866 continentur
1141 2799 1201 2866 sub
1220 2798 1283 2866 hac
1299 2797 1431 2866 denota-

195 2909 197 2914 “
320 2907 423 2974 cione.
440 2907 509 2973 Heo
526 2914 601 2973 sunt
616 2915 722 2974 antem
739 2906 854 2994 predia
870 2914 902 2973 et
919 2909 1105 2976 mansiones
1123 2915 1297 2990 ceteraque
1324 2905 1427 2974 mobi-

317 3016 364 3082 lia
379 3014 524 3100 ejusdem
540 3015 660 3090 Sancte
677 3015 737 3082 Dei
753 3015 911 3082 Ecclesia.
924 3015 1063 3082 Primum
1078 3016 1226 3102 predium
1237 3023 1286 3083 est
1297 3015 1429 3082 Panno-

319 3123 385 3206 nia,
396 3123 450 3189 ubi
464 3121 696 3190 Monosterium
707 3125 802 3191 situm
812 3131 871 3192 est.
884 3123 1065 3192 Secundum
1076 3125 1225 3210 predium
1236 3131 1287 3191 est
1296 3122 1426 3208 Rnohti,

318 3231 403 3316 qnod
417 3231 592 3304 deditRex
606 3213 781 3300 Ladislaus
796 3254 854 3320 pro
871 3233 1096 3320 redempcione
1113 3235 1220 3302 anime
1236 3252 1305 3316 sne,
1322 3239 1356 3299 et
1371 3231 1427 3298 sil·

315 3361 390 3408 vam
406 3360 504 3406 unam
520 3361 582 3424 que
598 3347 732 3410 vocatur
747 3342 893 3428 Hoshag.
904 3341 1055 3410 Teroium
1070 3342 1216 3430 predium
1234 3348 1283 3410 est
1293 3339 1426 3420 Himudi

315 3449 443 3514 nomine
458 3448 536 3514 ville
552 3435 763 3538 appellatum.
787 3451 943 3530 Quartum
958 3450 1104 3536 predium
1121 3458 1171 3518 est
1186 3451 1273 3536 qroo
1287 3457 1427 3518 vocatur

315 3554 405 3622 Lahi.
438 3555 591 3634 Quintum
612 3561 756 3642 predium
783 3565 834 3625 est
858 3559 943 3643 quod
973 3567 1107 3630 vocatur
1138 3561 1278 3643 Vosian,
1310 3557 1426 3626 eodem

314 3666 420 3730 eciam
435 3665 564 3732 nomino
579 3665 655 3732 ville
672 3669 884 3754 appellatum.
902 3669 1037 3735 Sextum
1053 3669 1199 3753 predium
1217 3673 1268 3737 est
1283 3667 1425 3752 Weihna

315 3773 429 3838 eodem
455 3773 549 3838 modo
574 3777 703 3842 nomine
730 3777 808 3842 ville
834 3777 1046 3863 appellatum.
1071 3778 1249 3865 Septimum
1274 3776 1424 3864 predium

314 3884 373 3963 est,
390 3879 475 3962 qvod
491 3878 581 3946 dedit
596 3881 694 3948 Karai
711 3884 825 3952 eodem
842 3887 946 3954 sciam
968 3879 1106 3971 nomine,
1124 3885 1217 3971 cujus
1234 3886 1423 3970 appellatur

314 3985 415 4052 loeus.
440 3984 596 4054 Octavum
619 3987 766 4073 predium
790 3999 840 4059 est
856 3993 941 4077 quod
957 4013 978 4059 a
993 3995 1107 4060 colono
1133 3995 1262 4080 accepit
1285 3995 1423 4062 voeabu-

312 4093 380 4158 lnm
395 4093 520 4159 Weinio
529 4145 538 4179 ,
565 4103 598 4162 et
613 4097 764 4178 qvoniam
778 4101 826 4166 ibi
840 4101 1038 4185 piscatorum
1064 4101 1159 4188 copia
1184 4109 1243 4188 est,
1260 4101 1302 4169 ad
1329 4101 1422 4170 auni-

311 4199 390 4266 lium
403 4219 516 4268 eorum
541 4197 630 4268 dedit
655 4207 725 4272 Rex
749 4205 922 4277 Ladislaus
948 4210 1054 4276 laeum
1078 4231 1186 4295 unum,
1212 4211 1266 4292 qni
1289 4216 1423 4278 vocatur
1456 4232 1459 4238 ·

311 4307 430 4392 Ereeu,
460 4316 493 4374 et
523 4316 641 4377 terram
672 4315 843 4398 parvulam
869 4315 913 4384 ad
939 4325 1108 4403 pasturam
1138 4317 1255 4405 boum;
1286 4315 1421 4402 Regalis

311 4416 495 4500 prestaldus
511 4437 645 4501 quarum
660 4421 758 4500 iudex
782 4421 888 4491 Podar
903 4426 1026 4494 oalvds.
1049 4427 1177 4494 Nonum
1202 4425 1347 4512 predium
1370 4431 1421 4492 ast

190 4520 195 4530 '
313 4523 396 4616 quod
413 4522 501 4588 dedit
517 4525 624 4593 Gurco
639 4528 776 4598 licencia
796 4531 907 4618 Regis,
928 4539 959 4599 et
984 4541 1110 4619 partem
1136 4536 1231 4622 prati,
1257 4534 1343 4638 qvod
1368 4537 1419 4602 esi

312 4631 395 4698 inter
410 4633 576 4700 terminum
591 4637 724 4706 alterius
740 4637 817 4731 ville
833 4639 984 4726 Regalis3
1007 4642 1192 4729 prestaldus
1212 4661 1347 4727 quorum
1363 4662 1418 4712 vo·
