3222 5054
708 293 868 416 ...ill-

228 505 438 590 possessione
454 503 620 590 gaudere,
648 505 905 573 contradictores
929 526 987 592 per
1010 527 1180 575 censuram
1196 509 1350 578 ecclesia·

228 613 363 694 stiuam,
387 611 609 696 appellatione
624 607 820 698 postpositi,
837 615 1084 700 compescendo.
1116 617 1236 682 Datum
1252 619 1350 684 Late·

226 719 300 786 rani
315 719 358 785 11.
374 718 453 784 Idus
469 719 556 784 Maii.
575 718 786 786 Pontificatus
803 722 905 788 nostri
922 741 1008 789 anno
1024 728 1150 805 quarto.

388 913 450 984 (lX.
464 911 590 986 Gergely
602 910 679 986 pdps
692 912 877 988 Regeettibol
889 916 926 972 id.
940 934 977 972 m.
990 916 1011 970 l.
1025 918 1083 973 k'o't.
1097 917 1141 973 92.
1157 917 1188 988 l.)

673 1173 893 1186 ——o——n—

753 1491 831 1556 tos.

246 1670 304 1736 IX.
321 1668 456 1759 Gerpdy
464 1673 558 1756 popa
574 1692 596 1735 a
613 1669 830 1758 ternplomoaok
852 1671 998 1734 emmona
1015 1673 1190 1757 moperiietti
1205 1673 1310 1762 Θγυὼ

467 1778 530 1844 hdo
545 1780 576 1844 da
590 1779 658 1865 oeje
673 1777 767 1844 Hono
782 1776 983 1863 odomdoydt.
1001 1778 1100 1844 1230.

332 1957 509 2042 Gregorius
525 1956 712 2044 Episcopus
727 1973 842 2022 servus
857 1973 1023 2031 servornm
1039 1957 1103 2024 Dei
1128 1956 1256 2026 dilectis
1270 1957 1346 2030 filiis

221 2065 380 2153 Magistro
412 2073 445 2131 et
476 2063 632 2132 fratribus
664 2061 779 2131 llilitie
809 2061 938 2149 Templi
976 2061 1230 2134 ierosolimitnni
1259 2067 1348 2134 saln-

222 2181 288 2240 tem
319 2181 352 2241 et
381 2172 609 2260 Apostolioam
641 2169 911 2240 benedictionem.
956 2169 1037 2238 (ium
1062 2174 1197 2240 anobis
1227 2174 1349 2259 petitnr

223 2280 308 2364 qnod
323 2281 442 2347 iustum
459 2287 510 2348 est
526 2287 558 2346 et
573 2280 753 2363 honestum,
771 2285 839 2345 tam
856 2278 948 2362 vigor
965 2279 1118 2362 equitatis
1144 2300 1242 2362 quam
1268 2281 1346 2349 ordo

223 2389 328 2474 exigit
336 2389 482 2472 rationis,
494 2394 529 2453 ut
539 2387 573 2453 id
582 2407 640 2473 per
652 2385 891 2454 solicitudinem
908 2385 1009 2453 officii
1024 2389 1127 2454 nostri
1143 2389 1191 2460 ad
1202 2389 1347 2458 debitum

224 2495 418 2584 perducatur
430 2495 590 2563 effectum.
601 2495 816 2582 Quapropter,
827 2494 939 2562 dilecti
949 2495 981 2562 in
992 2496 1132 2562 Domino
1143 2495 1211 2583 filii,
1228 2502 1346 2566 vestris
1428 2483 1432 2495 ¹

110 2663 112 2671 .
222 2605 318 2672 iustis
334 2605 610 2692 postulationibus
627 2611 756 2688 gratum
772 2604 996 2689 impertientes
1011 2623 1202 2691 assensum,
1222 2607 1347 2674 insulas

224 2712 392 2800 quasdam,
411 2721 526 2798 terras,
542 2714 780 2800 possessiones,
792 2710 939 2778 homines
956 2717 989 2778 et
1004 2731 1145 2796 nemora,
1157 2715 1346 2780 etresalias

224 2843 244 2887 a
261 2821 363 2888 nobili
379 2821 449 2888 viro
464 2821 540 2889 Jula
555 2821 667 2903 Bano,
690 2839 830 2887 necnon
848 2825 881 2886 et
896 2827 1023 2905 partem
1040 2827 1123 2886 terre
1140 2823 1180 2888 de
1196 2821 1347 2890 Neohaa

223 2931 326 2998 nobili
343 2931 476 2996 muliero
494 2929 622 2996 Helena
651 2949 751 2998 uxore
772 2927 875 3016 ipsius
891 2930 921 2998 J.
937 2929 1058 2998 Domni
1072 2937 1180 2998 vestre
1195 2931 1252 3018 pia
1267 2923 1346 2998 libe

223 3038 356 3106 ralitate
373 3057 570 3121 concessas,
587 3037 670 3104 siout
687 3059 745 3106 eas
761 3038 846 3104 iuste
862 3046 894 3105 et
909 3037 1045 3122 pacifice
1061 3037 1245 3124 possidetis,
1265 3039 1346 3104 etin

222 3148 339 3214 litteris
356 3146 474 3212 exinde
491 3143 648 3212 confectis
665 3145 793 3232 plenius
809 3145 924 3210 dieitur
940 3145 1110 3230 contineri,
1133 3145 1225 3212 vobis
1241 3151 1273 3210 et
1288 3165 1347 3231 per

222 3277 282 3324 vos
298 3254 419 3322 Domui
435 3260 543 3322 vestre
561 3254 755 3320 auctoritate
774 3252 965 3336 Apostolioa
981 3251 1209 3318 confirmamus
1226 3259 1259 3321 et
1274 3274 1347 3338 pre·

223 3365 325 3431 sentis
341 3363 453 3447 scripti
469 3361 652 3446 patrocinio
669 3360 910 3428 communimus.
926 3359 1017 3424 Nulli
1034 3380 1114 3444 ergo
1131 3365 1191 3426 etc.
1224 3361 1345 3428 Datum

223 3471 380 3540 Laterani
395 3469 437 3536 X.
453 3467 521 3538 kal.
538 3469 696 3554 ianuarii,
713 3467 924 3536 Pontificatos
939 3467 1042 3533 nostri
1057 3484 1144 3533 anno
1160 3471 1287 3550 quarto.

241 3649 339 3722 (Pray,
352 3647 591 3720 Diplomatnrium
603 3645 721 3702 Sacrum
733 3645 841 3718 Hung„
855 3643 876 3698 1.
890 3643 950 3700 lrdt.
964 3642 1008 3699 13.
1019 3661 1072 3715 sn„
1086 3641 1201 3701 kczirat
1212 3661 1230 3700 a
1240 3644 1317 3716 pesti

591 3744 724 3812 ogyetem
737 3733 981 3809 kdnyvtdrdban.)

662 3997 868 4010 μ...-
