3198 5058
786 321 941 420 ,ιιι

406 521 516 589 suggest.
534 513 630 586 lolia,
644 514 729 574 lriheu
742 532 812 572 auen
824 514 913 589 plpai
924 512 1003 571 level
1014 510 1129 570 intem
1142 529 1207 582 vau,
1219 510 1257 566 Π.
1270 511 1369 568 Eudae
1380 513 1425 570 ki-

299 609 421 682 roynaa
443 604 577 663 maeodik
598 608 680 680 nejo,
702 605 790 664 soron
812 605 944 678 kirtlyno
955 603 1035 662 utini
1048 602 1156 676 lelnya
1167 602 1230 661 volt
1242 603 1273 662 es
1288 599 1430 660 mahen

300 697 464 845 {namtagtlll
472 695 568 755 Jakab
582 695 744 768 arragoniai
756 694 918 769 kirtlyhou.
942 693 977 752 L.
998 689 1084 767 Fejer
1105 689 1175 748 (iod.
1199 691 1278 764 Dipt
1303 691 1352 747 ΠΙ,
1368 691 1430 756 lot,

305 1037 363 1112 (Aa
374 1038 411 1096 itt
423 1035 523 1094 kerolt
533 1032 621 1110 popei
633 1035 742 1094 levelet
753 1033 806 1092 IX.
819 1031 945 1107 Gergely
957 1031 1035 1108 pulpa
1046 1029 1233 1106 Regosttibol
1253 1029 1344 1088 kozzo
1355 1036 1428 1088 terte

612 1125 739 1182 'I'hsiner
757 1125 794 1183 id.
814 1141 851 1184 m.
871 1123 894 1180 I.
914 1123 974 1180 tot
995 1122 1055 1179 133.
1076 1122 1109 1194 l.)

738 1422 941 1432 ——n-——n

827 1755 908 1821 200.

304 1939 363 2006 IX.
379 1937 514 2025 Geryely
523 1939 615 2024 pcipe
632 1935 677 2001 Π.
695 1933 802 2000 madre
817 1933 938 2021 kirolyt
946 1931 1138 2020 felazolitjo,
1154 1933 1236 2020 hogy
1252 1956 1273 1997 o
1282 1955 1428 2020 pannon·

302 2047 402 2112 toloni
425 2048 594 2134 apotsctyot
609 2043 735 2108 roton
761 2041 852 2128 ἱοιιαρ
877 2043 1103 2130 ltdborgatdsoi
1126 2041 1205 2108 olleo
1229 2043 1425 2108 oltalmazaa.

815 2151 915 2215 1235.

410 2347 589 2434 Gregorius
605 2345 790 2433 Episcopus
806 2361 921 2416 seruus
939 2364 1105 2414 seruorum
1121 2347 1185 2414 Dei
1200 2345 1368 2414 carissimo
1392 2346 1427 2413 in

302 2455 435 2523 Christo
459 2453 526 2522 filio
543 2505 551 2520 .
569 2503 602 2520 ..
628 2454 752 2522 Illustri
776 2455 859 2540 Regi
883 2453 1028 2541 Vngarie
1047 2456 1194 2524 Salutem
1213 2462 1246 2521 et
1261 2455 1426 2541 Apostoli·

303 2581 376 2630 eom
386 2561 657 2630 benedietiouem.
667 2561 773 2630 Saluti
788 2569 844 2628 tue
861 2563 1013 2630 oouuenit
1028 2569 1061 2629 et
1075 2562 1201 2645 honori,
1216 2571 1253 2630 ut
1269 2563 1358 2630 uiros
1374 2581 1425 2628 eo-

304 2669 507 2737 oleaiastioos
526 2668 631 2755 Regni
657 2669 704 2736 tui
728 2669 871 2738 maxime
886 2671 1056 2756 regulares
1072 2669 1105 2735 in
1122 2689 1184 2736 sna
1199 2671 1323 2738 iustitia
1337 2675 1428 2735 tuea-

303 2777 368 2862 ris,
383 2778 611 2847 malefactores
628 2799 706 2846 suos
720 2780 866 2866 potentie
883 2787 938 2848 tue
954 2779 1091 2851 dextera
1107 2779 1312 2863 oohibendo,
1328 2785 1364 2846 ut
1378 2779 1425 2844 iu·

303 2885 422 2970 quietis
438 2889 593 2958 oorreotis
610 2887 839 2974 pusillanimes
855 2889 1044 2956 consoleris.
1076 2887 1308 2974 significarunt
1331 2884 1426 2954 uobis

303 3011 384 3060 sane
409 2992 523 3062 dileoti
547 2993 605 3061 lilii
621 3043 630 3061 .
648 3043 681 3061 ..
706 2994 821 3062 Abbas
847 3003 881 3062 et
897 2995 1084 3064 Oouuentus
1100 2993 1293 3079 llouasterij
1311 2993 1426 3062 Sancti

303 3101 435 3170 Martini
449 3099 490 3169 de
507 3103 696 3190 Pannonia,
724 3103 812 3186 quod
828 3123 900 3170 oum
915 3103 979 3189 ipsi
995 3103 1180 3170 Fabianum
1195 3101 1331 3169 militem
1347 3102 1428 3169 Stri-

302 3211 469 3295 goniensis
485 3211 637 3288 Diooesis
655 3231 753 3298 super
770 3232 829 3296 eo,
846 3211 934 3296 quod
952 3211 1127 3280 eeclesiam
1144 3212 1259 3280 Sauoti
1274 3210 1427 3296 Spiritus,

302 3325 419 3405 terras,
436 3327 542 3408 prata,
557 3321 753 3407 molendina,
770 3341 913 3408 nemora,
930 3341 1055 3406 seruos,
1073 3322 1212 3390 aneillas
1221 3373 1231 3410 ,
1251 3321 1380 3408 palatia
1395 3326 1429 3386 et

302 3447 356 3496 res
380 3427 466 3495 alias
491 3426 534 3496 ad
558 3449 669 3496 eorum
694 3430 928 3498 Monosterium
951 3430 1222 3518 pertinentiaper
1236 3429 1428 3500 uiolentiam

303 3541 498 3622 oocuparet,
523 3543 601 3622 post
624 3536 773 3606 diuersas
798 3538 1043 3606 commissiones
1068 3537 1113 3607 ad
1134 3537 1282 3606 diuersos
1298 3537 1427 3606 iudioes

303 3643 495 3729 impetratas
511 3644 615 3728 primo
632 3664 742 3714 eoram
759 3645 796 3712 ll.
814 3645 1023 3716 Subdiaoono
1049 3653 1083 3714 et
1105 3646 1287 3734 Capeliano
1304 3652 1426 3732 nostro,

304 3751 355 3818 oui
370 3758 448 3820 tuna
463 3753 497 3818 in
513 3752 659 3838 Vngario
675 3752 830 3822 existenti
845 3773 980 3824 oausam
996 3774 1018 3822 a
1032 3755 1127 3824 uobis
1144 3755 1315 3823 obtinuere
1340 3775 1426 3822 oom-

303 3859 405 3945 mitti3
421 3857 497 3926 dein
513 3877 623 3928 ooram
637 3860 819 3930 vonerabili
835 3861 937 3930 fratre
953 3869 1083 3932 nostro.
1100 3911 1108 3927 .
1125 3863 1338 3932 .Prauestino
1349 3863 1426 3951 Epi·

304 3984 405 4054 soopo
430 3965 464 4032 in
489 3967 639 4053 partibus
656 3968 721 4036 illis
737 3969 915 4056 legationis
930 3969 1038 4040 olfioio
1054 3979 1130 4038 tuno
1146 3969 1302 4062 fungente
1318 3979 1429 4040 auoto-

303 4074 402 4140 ritate
417 4073 606 4159 Apostolioa
622 4077 861 4160 conuenissent,
879 4085 913 4146 et
928 4079 1015 4146 idem
1030 4081 1125 4150 miles
1140 4080 1175 4146 in
1190 4079 1296 4168 ipsius
1307 4081 1427 4168 Legati

303 4181 472 4268 presentia
497 4201 738 4268 reooguosoeus
762 4184 806 4251 ad
829 4185 1064 4255 Mouasteriom
1087 4188 1252 4275 portinere
1267 4189 1429 4276 prediola,

305 4293 338 4354 et
361 4289 500 4374 prestito
526 4291 708 4361 iuramento
733 4294 925 4379 promittens
942 4315 983 4364 ea
997 4296 1063 4382 ipsi
1082 4299 1271 4384 restituere,
1298 4318 1339 4366 ao
1363 4319 1429 4367 nou

305 4397 482 4465 molestare
497 4397 579 4496 illud
593 4398 635 4466 de
651 4407 762 4468 oetero
778 4421 876 4488 super
892 4401 993 4490 ipsis,
1018 4405 1088 4472 late
1114 4404 1156 4473 do
1181 4405 1350 4476 uoluntate
1364 4426 1427 4480 sua

306 4499 527 4582 pereundam
554 4506 713 4591 Legatum
739 4511 1079 4579 exeommuuioationis
1102 4514 1269 4582 sententia
1292 4515 1327 4582 iu
1352 4533 1426 4582 aun-

308 4602 401 4682 dem,
417 4608 445 4671 si
461 4618 574 4678 eontra
589 4616 752 4697 premissa
767 4617 903 4684 ueniret.
934 4618 1083 4690 Tandem
1099 4621 1176 4688 lieet
1192 4640 1232 4689 ea
1247 4623 1428 4694 restituerit
