3222 5054
834 797 911 862 140.

329 979 389 1047 ΙΧ.
407 978 540 1069 Gerpelp
551 983 642 1068 pcipe
657 999 678 1042 a
693 975 824 1064 euprobi
831 975 957 1064 pitepiik
973 980 1121 1042 orsmaro
1136 974 1337 1058 seentLdoeio
1358 973 1405 1040 ki-

324 1075 1405 1176 'roiynolc1134.bir6iiopodoiteltalopttodoyuteriiettimop.1227.

416 1267 591 1358 Gregorius
601 1257 784 1353 Episcopus
801 1271 862 1332 eto.
878 1263 1062 1332 venerabili
1078 1261 1193 1331 fratri.
1211 1313 1219 1330 .
1238 1311 1245 1328 .
1261 1263 1426 1348 Episcopo

309 1377 524 1464 Zagnbriensi
549 1376 688 1443 salutem
713 1381 782 1441 eto.¹
801 1373 879 1440 Oum
895 1394 916 1440 s
932 1373 1027 1440 nobis
1042 1373 1163 1460 petitur
1178 1379 1240 1440 etc.
1271 1371 1321 1438 Te
1336 1389 1427 1454 sone,

309 1483 507 1554 venerabilis
523 1484 557 1550 in
574 1482 703 1550 Christo
719 1481 845 1550 freter.
862 1530 870 1546 .
888 1530 896 1546 .
923 1481 1098 1567 Episcopo,
1115 1483 1299 1566 exponente
1316 1477 1427 1567 didici·

296 1612 403 1676 mus,
423 1591 508 1676 quod
523 1593 612 1658 ciere
627 1591 781 1657 memorie
797 1587 1013 1656 Lsdisolnvus
1029 1589 1099 1655 Rex
1114 1585 1261 1673 Ungnrie
1276 1589 1429 1674 populum

310 1702 352 1768 dc
367 1699 531 1768 Dunrbrou
547 1719 618 1766 oum
634 1707 723 1767 terro
750 1704 782 1765 et
802 1698 886 1764 silvo
901 1697 1114 1782 Zugabriensi
1129 1698 1279 1766 Ecclesie
1295 1696 1430 1765 contulit

309 1807 427 1875 intuitu
451 1808 602 1894 pietatis3
630 1805 689 1874 sed
714 1826 786 1874 oum
811 1804 924 1872 cadom
949 1804 1036 1874 silvo
1059 1806 1185 1873 fuisset
1193 1825 1252 1892 per
1267 1803 1430 1889 qnondam

312 1915 474 1984 Sudenem
491 1917 640 1985 Ecclesie
654 1915 805 2003 predicte
818 1915 996 2000 subtracta,
1013 1914 1098 1982 bone
1113 1915 1267 1981 memorie
1277 1911 1430 2000 F(elioia·

310 2023 388 2111 nus)
404 2023 637 2114 strigoniensis
648 2024 925 2110 Archiepiscopus
942 2023 1117 2091 causasibi
1134 2043 1233 2112 super
1248 2023 1310 2092 hoo
1325 2021 1431 2107 Regio

311 2136 505 2202 auctoritate
521 2136 706 2220 commissa,
720 2133 826 2202 eidem
841 2133 992 2203 Ecclesio
1007 2153 1066 2220 per
1082 2131 1286 2200 diffinitivam
1302 2141 1429 2200 senten·

311 2243 390 2309 tisnr
407 2245 524 2310 silvam
539 2241 680 2309 restituit
696 2248 916 2308 memoratum.
933 2240 1118 2327 Superque
1133 2259 1292 2326 processu
1306 2247 1428 2325 tempo·

263 2433 267 2442 μ
311 2353 357 2418 ris
383 2350 551 2419 Adilbreth
576 2351 678 2416 irater
693 2347 849 2417 Kalsdini
873 2350 1007 2418 Comitis
1024 2349 1240 2432 Sumigiensis
1256 2349 1383 2430 (lomes,
1400 2353 1432 2415 et

220 2549 222 2556 Α
313 2459 445 2546 quidam
460 2459 518 2526 olii
531 2467 700 2527 mouerunt
714 2463 825 2525 eontra
840 2457 1020 2545 predictam
1035 2458 1218 2528 Ecclesium
1235 2477 1343 2526 coram
1359 2473 1430 2542 pre·

312 2567 382 2634 foto
397 2567 651 2654 Archiepiscopo
668 2567 879 2652 questionem,
896 2568 951 2652 qui
967 2568 1106 2654 cognitis
1123 2585 1222 2637 conse
1235 2566 1360 2634 meritis
1370 2563 1431 2630 dii-

313 2675 469 2760 finitivam
485 2696 543 2762 pro
555 2675 706 2763 predicto
722 2675 873 2744 Ecclesia
888 2679 1085 2746 sententiam
1100 2675 1328 2764 promulgavit.
1359 2673 1430 2740 Nos

314 2803 392 2871 ergo
410 2791 475 2853 tuis
491 2784 585 2852 iustis
602 2785 754 2872 precibus
769 2784 917 2852 inclinati
932 2785 1089 2872 predicta,
1100 2782 1308 2854 sieuteadsm
1318 2781 1430 2851 Eccio

313 2895 364 2962 siu
379 2895 463 2960 inste
477 2893 623 2979 possidet
639 2901 671 2960 et
686 2893 797 2977 quiete
805 2942 815 2977 ,
840 2912 880 2960 oe
905 2893 1010 2961 dictus
1036 2893 1237 2977 sententias,
1254 2893 1340 2963 siout
1355 2895 1431 2960 sunt

313 3003 417 3090 iuste,
442 3023 502 3070 neo
527 3004 673 3089 legitime
697 3003 928 3088 prouocatione
952 3023 1132 3090 suspense,
1155 3023 1195 3070 uo
1211 3003 1244 3071 in
1259 3001 1431 3090 privilegio
1473 3023 1480 3038 ⁸

314 3112 461 3181 confecto
477 3111 594 3179 exinde
609 3111 806 3195 continetur,
831 3111 1025 3180 anctoritate
1048 3093 1241 3200 spostolus
1265 3111 1430 3179 confirmo·

313 3241 385 3289 nnus
401 3229 434 3290 et
449 3221 611 3310 presentis
628 3221 740 3306 scripti
755 3220 936 3308 patrocinio
954 3221 1195 3288 communimus.
1210 3219 1263 3288 Ao
1278 3221 1432 3288 maiorem

313 3339 423 3400 nutem
441 3329 601 3399 cautelam
617 3323 763 3398 tenorem
778 3329 881 3416 ipsius
897 3329 1061 3416 privilegii
1075 3331 1118 3398 de
1136 3329 1287 3398 verboed
1297 3331 1430 3399 verbum

314 3439 521 3524 presentibus
537 3433 686 3506 duximus
702 3437 919 3506 inserendum.
935 3436 998 3517 Qui
1013 3443 1065 3505 est
1079 3439 1171 3507 talis:

419 3549 458 3614 In
473 3547 603 3614 nomine
618 3545 725 3614 Patris
742 3546 804 3614 stb.

315 3651 371 3724 (An
383 3649 507 3724 okmtny
519 3651 674 3724 olveshato
684 3649 823 3722 Fejs'rndl,
839 3649 908 3708 cod.
924 3651 1004 3724 Dipl.
1018 3649 1041 3706 1.
1054 3651 1113 3710 noc
1126 3651 1293 3722 484.1.,h01
1306 3651 1432 3709 mindu-

440 3740 512 3796 eltal
525 3758 543 3796 o
554 3737 674 3796 hibdsnn
686 3740 774 3796 litett
786 3740 863 3796 1123.
876 3738 991 3798 duonum
1005 3740 1118 3800 llil-ro
1129 3740 1315 3815 spaciendo.)

420 3831 512 3899 Nulli
527 3851 606 3920 ergo
624 3841 684 3908 eto.
701 3839 810 3930 nostro
826 3833 1078 3906 confirmationis
1103 3836 1279 3920 infringere
1304 3842 1367 3903 etot
1396 3834 1431 3904 Si

315 3940 387 4026 quis
404 3947 512 4008 eutem
529 3947 590 4008 eto.
606 3942 728 4008 Delum
744 3942 894 4028 Anagnis
910 3941 982 4012 XV.
999 3943 1067 4012 kei.
1083 3943 1232 4032 Augusti,
1248 3939 1431 4033 (Pontifice-

318 4053 370 4117 tus
386 4046 502 4132 nostri)
520 4067 607 4118 enno
622 4050 737 4138 primo.

459 4223 522 4304 (IX.
536 4224 664 4302 Gergsly
675 4223 752 4300 pipo
763 4225 948 4300 Rogestiibol
959 4225 1084 4285 Thciner
1096 4227 1135 4286 id.
1147 4245 1184 4286 nr.
1198 4229 1243 4290 δῦ.
1256 4227 1290 4302 i.)
1351 4255 1353 4258 ·
